1554 2563
123 117 209 159 284
359 132 528 154 οΕΒοοΡΕε
678 118 891 154 ΜΕΤΑΜΜ
903 147 914 156 .

177 236 220 268 60
241 228 339 268 Cum
371 240 440 268 sua
473 228 621 268 foedari
652 228 883 269 latrantibus
915 230 1075 281 inguina
1107 230 1295 269 monstris

240 287 416 338 Aspicit.
456 299 500 326 ac
530 289 656 339 primo
688 300 767 327 non
798 287 964 327 credens
996 289 1173 339 corporis
1205 287 1288 327 illas

241 345 337 384 Esse
370 347 431 385 sui
462 352 624 399 partes,
655 347 878 398 refugitque
911 346 1108 398 abigitque
1141 348 1330 397 timetque

242 403 319 443 Ora
350 409 530 456 proterva
572 416 741 445 canum:
773 405 840 444 sed
881 417 978 456 quos
1016 405 1116 456 sugit
1132 436 1145 458 ‚
1175 404 1335 444 attrahit
1365 415 1463 457 una,

241 462 290 502 Et
322 475 465 514 corpus
505 475 698 514 quaerens
737 464 931 503 femorum
969 475 1209 514 crurumque
1241 463 1464 515 pedumque

177 528 220 560 65
241 520 457 561 Cerbereos
489 523 614 561 rictus
644 534 715 573 pro
747 522 925 574 partibus
957 523 1106 561 invenit
1136 521 1236 561 illis:
1273 530 1301 556 f.
1321 530 1462 556 clxxxvi-

242 579 404 631 Statque
437 592 578 619 canum
611 580 718 620 rabie
737 613 748 633 ‚
780 580 1036 632 subiectaque
1068 586 1177 632 terga
1209 580 1381 619 ferarum

241 638 472 690 Inguinibus
504 640 655 678 truncis
687 645 880 691 uteroque
912 644 1068 678 extante
1101 644 1279 678 coercet.

299 696 424 736 Flevit
454 709 587 736 amans
620 697 817 751 Glaucus,
848 699 1090 748 nimiumque
1122 696 1317 736 hostiliter
1349 707 1441 736 usae

240 753 398 795 Viribus
429 755 643 795 herbarum
675 757 774 808 sugit
805 755 971 795 conubia
1003 755 1159 795 Circes.

169 821 212 853 70
240 812 366 863 Scylla
397 811 483 851 loco
515 813 681 864 mansit,
713 823 882 862 cumque
915 816 975 850 est
1007 811 1094 849 data
1126 810 1237 861 copia
1268 810 1462 861 primum,

239 871 282 909 In
316 870 450 910 Circes
482 871 616 909 odium
648 870 764 909 sociis
797 869 976 920 spoliavit
1006 869 1168 908 Ulixen.

240 929 347 980 [Mox
380 929 515 968 eadem
546 929 719 968 Teucras
752 928 880 967 fuerat
909 940 1089 967 mersura
1121 928 1297 979 carinas,

237 988 286 1027 Ni
306 989 416 1038 prius
442 990 483 1027 in
509 987 732 1038 scopulum,
765 988 833 1038 qui
864 998 969 1026 nunc
993 998 1150 1038 quoque
1177 998 1317 1025 saxeus
1346 991 1463 1037 extat,

240 1041 534 1081 Transformata
566 1043 695 1082 foret.
736 1042 940 1094 scopulum
973 1054 1129 1094 quoque
1161 1043 1289 1081 navita

1087 1099 1224 1150 vitat]
1260 1108 1288 1135 f.
1308 1107 1460 1134 clxxxvii.

177 1164 220 1195 75
299 1157 407 1197 Hanc
438 1159 506 1198 ubi
537 1159 727 1199 Troianae
760 1161 879 1199 remis
911 1159 1138 1211 avidamque
1171 1158 1393 1211 Charybdin

239 1215 402 1256 Evicere
435 1223 538 1257 rates
556 1249 568 1270 ,
600 1230 690 1257 cum
721 1219 797 1256 iam
828 1230 951 1270 prope
981 1218 1075 1257 litus
1107 1217 1290 1257 adessent

240 1274 485 1328 Ausonium,
517 1275 680 1327 Libycas
712 1282 827 1315 vento
859 1277 1089 1315 reseruntur
1120 1276 1167 1315 ad
1200 1288 1310 1315 oras.

242 1332 395 1385 Excipit
426 1334 583 1373 Aenean
614 1334 692 1373 illic
724 1336 932 1386 animoque
964 1335 1183 1387 domoque,

240 1391 326 1430 Non
356 1392 457 1431 bene
491 1392 698 1432 discidium
730 1393 888 1444 Phrygii
919 1393 1045 1432 latura
1076 1395 1229 1445 mariti,

176 1457 220 1488 80
242 1449 426 1490 Sidonis:
458 1452 576 1502 inque
607 1463 703 1503 pyra
734 1453 835 1490 sacri
866 1451 939 1490 sub
965 1453 1133 1503 imagine
1164 1452 1265 1490 facta

240 1508 423 1548 Incubuit
454 1511 589 1563 ferro,
621 1510 861 1562 deceptaque
894 1510 1039 1562 decipit
1070 1522 1226 1549 omnes.

240 1567 392 1607 Rursus
424 1568 639 1608 harenosae
672 1570 825 1620 fugiens
857 1581 955 1608 nova
986 1570 1139 1608 moenia
1171 1575 1299 1608 terrae

239 1627 297 1666 Ad
329 1626 541 1678 sedemque
573 1627 710 1678 Erycis
742 1627 941 1678 fidumque
969 1627 1115 1667 relatus
1147 1627 1315 1666 Acesten

241 1684 442 1725 Sacrificat
473 1686 746 1737 tumulumque
779 1687 840 1725 sui
871 1687 1060 1737 genitoris
1091 1686 1280 1725 honorat.

175 1750 218 1782 85
241 1743 424 1795 Quasque
456 1750 561 1783 rates
593 1744 666 1783 Iris
698 1744 860 1784 Iunonia
890 1757 1014 1796 paene
1047 1750 1263 1797 cremarat,

240 1802 391 1855 Solvit,
422 1809 462 1842 et
492 1802 732 1854 Hippotadae
765 1815 930 1854 regnum
948 1835 960 1856 ‚
991 1808 1196 1854 terrasque
1229 1802 1372 1842 calenti

240 1860 409 1913 Sulpure
442 1862 637 1900 fumantes
669 1861 1023 1912 Acheloiadumque
1056 1861 1244 1913 relinquit

240 1919 424 1958 Sirenum
455 1920 667 1971 scopulos:
698 1919 911 1971 orbataque
942 1920 1121 1972 praeside
1152 1921 1269 1972 pinus

238 1977 434 2017 Inarimen
465 1978 766 2030 Prochytenque
798 1978 921 2031 legit,
952 1978 1156 2029 sterilique
1188 1978 1332 2017 locatas

177 2043 221 2075 90
243 2036 348 2076 Colle
380 2037 610 2076 Pithecusas
629 2069 640 2089 ‚
672 2037 916 2076 habitantum
947 2038 1105 2075 nomine
1138 2037 1284 2076 dictas.

238 2095 391 2147 Quippe
424 2096 540 2135 deum
572 2097 725 2147 genitor
758 2096 935 2134 fraudem
966 2100 1007 2134 et
1036 2096 1210 2147 periuria
1242 2095 1437 2146 quondam

238 2152 457 2205 Cercopum
489 2166 630 2193 exosus
663 2156 869 2205 gentisque
901 2153 1068 2193 admissa
1099 2153 1254 2193 dolosae

237 2212 281 2250 ln
314 2212 488 2251 deforme
520 2214 623 2251 viros
650 2212 790 2251 animal
816 2214 1001 2265 mutavit,
1032 2218 1077 2251 ut
1101 2212 1204 2251 idem
1247 2219 1443 2247 f.c1xxxvffl

237 2269 453 2309 Dissimiles
485 2270 634 2310 homini
665 2277 827 2323 possent
858 2271 1083 2322 similesque
1114 2270 1262 2323 videri;

173 2335 216 2367 95
236 2327 488 2380 Membraque
521 2331 744 2382 contraxit,
776 2341 970 2381 naresque
1002 2341 1023 2368 a
1055 2329 1184 2369 fronte
1215 2330 1380 2368 resimas
