2912 4368
383 1921 447 1950 180

872 1274 902 1308 V
919 1300 928 1316 ,
957 1277 1136 1308 135—207
1155 1301 1161 1307 .
1325 1286 1471 1307 pensans

469 1384 552 1422 Non
587 1386 884 1435 circumspectis
916 1391 1093 1422 exactum
1128 1384 1274 1422 viribus
1308 1396 1439 1422 ensem

468 1442 599 1493 Fregit
631 1445 668 1481 in
702 1451 872 1481 extrema
905 1455 1114 1494 percussae
1146 1449 1254 1493 parte
1289 1443 1513 1481 columnae:

470 1500 664 1539 Lammina
698 1502 893 1553 dissiluit,
926 1501 1149 1552 dominique
1182 1504 1221 1539 in
1254 1508 1411 1552 gutture
1444 1502 1517 1539 fixa
1550 1508 1629 1539 est.

468 1559 551 1598 Non
586 1567 714 1599 tamen
748 1561 791 1598 ad
826 1561 944 1599 letum
979 1573 1113 1599 causas
1147 1561 1239 1598 satis
1272 1560 1333 1598 illa
1368 1560 1537 1599 valentes

469 1618 581 1669 Plaga
615 1619 749 1657 dedit:
784 1619 977 1669 trepidum
1012 1619 1180 1657 Perseus
1214 1625 1252 1657 et
1284 1620 1445 1657 inermia
1479 1619 1622 1657 frustra

468 1677 651 1715 Bracchia
686 1678 911 1716 tendentem
946 1677 1141 1727 Cyllenide
1176 1677 1350 1716 confodit
1381 1678 1524 1728 harpe.

468 1735 610 1774 Verum
644 1736 708 1774 ubi
742 1738 924 1775 virtutem
959 1736 1094 1774 turbae
1128 1736 1385 1774 succumbere
1419 1736 1535 1787 vidit,

469 1793 677 1833 ‘Auxilium
697 1792 722 1846 ,⁹
755 1795 923 1833 Perseus
957 1792 1155 1845 ‘quoniam
1188 1796 1243 1833 sic
1277 1796 1414 1845 cogitis
1447 1792 1559 1846 ipsi,'
1587 1801 1671 1827 Lu*

472 1853 574 1892 Dixit
608 1851 668 1891 ‘ab
702 1854 811 1892 hoste
846 1862 1002 1904 petam.
1042 1854 1171 1892 vultus
1204 1855 1364 1892 avertite
1398 1860 1573 1904 vestros,

470 1912 598 1962 Siquis
633 1914 779 1951 amicus
813 1910 960 1951 adestl’
994 1920 1031 1951 et
1065 1913 1255 1962 Gorgonis
1284 1913 1420 1950 extulit
1453 1925 1542 1950 ora.

468 1968 634 2016 ‘Quaere
668 1971 813 2022 alium,
847 1980 910 2009 tua
944 1984 1059 2021 quem
1094 1978 1271 2009 moveant
1303 1968 1504 2010 miracula'
1538 1971 1631 2009 dixit

466 2030 707 2081 Thescelus3
742 2037 860 2081 utque
896 2043 1008 2069 manu
1045 2031 1212 2068 iaculum
1246 2030 1357 2069 fatale
1392 2029 1549 2081 parabat

468 2088 619 2127 Mittere
640 2121 649 2139 ,
682 2091 719 2127 in
754 2089 826 2127 hoc
860 2090 983 2127 haesit
1015 2091 1167 2139 signum
1201 2089 1247 2127 de
1282 2100 1474 2127 marmore
1507 2096 1640 2139 gestu.

469 2147 673 2185 Proximus
708 2148 797 2186 huic
829 2149 975 2198 Ampyx
1010 2150 1125 2186 animi
1160 2148 1382 2198 plenissima
1416 2149 1544 2197 magni

405 2215 440 2243 μ’
469 2206 631 2245 Pectora
664 2206 855 2257 Lyncidae
890 2207 1013 2257 gladio
1047 2209 1172 2257 petit3
1206 2208 1323 2256 inque
1357 2206 1525 2256 petendo

468 2264 631 2303 Dextera
665 2265 853 2316 diriguit,
888 2277 958 2304 nec
992 2267 1086 2303 citra
1121 2272 1222 2303 mota
1256 2277 1327 2302 nec
1360 2264 1482 2303 ultra.

467 2325 513 2362 At
546 2323 679 2362 Nileus
700 2357 709 2375 ‚
743 2326 808 2374 qui
843 2337 882 2362 se
917 2326 1090 2374 genitum
1125 2323 1376 2375 septemplice
1410 2322 1495 2361 Nilo

469 2381 687 2421 Ementitus
721 2390 834 2434 erat,
868 2382 990 2434 clipeo
1026 2395 1180 2433 quoque
1214 2383 1371 2421 sstnnina
1405 2388 1554 2433 septem

467 2442 636 2491 Argento
670 2444 809 2492 partim
829 2474 839 2493 ,
871 2443 1011 2492 partim
1045 2442 1259 2480 caelaverat
1291 2452 1409 2492 auro,

467 2497 619 2551 ‘Aspice
640 2497 665 2550 ,⁹
700 2503 750 2538 ait
784 2498 944 2538 ‘Persen
966 2533 975 2551 ,
1008 2506 1163 2538 nostrae
1197 2499 1407 2550 primordia
1441 2501 1591 2549 gentis:

467 2559 601 2609 Magna
634 2559 736 2597 feres
770 2560 904 2597 tacitas
938 2559 1077 2597 solacia
1113 2561 1248 2597 mortis
1282 2559 1326 2596 ad
1362 2557 1543 2609 umbras,

467 2620 496 2654 A
531 2625 634 2655 tanto
669 2618 855 2656 cecidisse
890 2615 986 2655 viro’
1022 2639 1073 2645 -——
1109 2630 1198 2668 pars
1231 2618 1362 2655 ultima
1398 2618 1501 2655 vocis

468 2676 508 2714 ln
544 2676 667 2714 medio
702 2689 910 2727 suppressa
944 2689 1038 2714 sono
1072 2683 1160 2727 est,
1193 2676 1453 2726 adapertaque
1489 2674 1583 2712 velle

470 2735 544 2772 Ora
578 2734 683 2785 loqui
713 2735 878 2786 credas,
912 2747 982 2773 nec
1017 2743 1105 2773 sunt
1140 2746 1182 2772 ea
1215 2736 1346 2785 pervia
1380 2732 1531 2771 verbis.

431 2802 442 2807 ”
470 2794 648 2844 Increpat
681 2793 750 2831 hos
785 2791 906 2831 ‘vitio’
941 2806 1014 2843 que
1051 2791 1181 2831 ‘animi
1202 2824 1212 2844 ‚
1246 2805 1323 2830 non
1362 2789 1525 2830 viribus'
1564 2793 1689 2841 inquit

412 3387 421 3395 ⁴>
471 3380 565 3416 num
600 3386 730 3430 stupet
761 3381 945 3430 Astyages

469 2850 700 2902 ‘Gorgoneis
734 2854 899 2903 torpetis
921 2849 945 2903 5'
978 2851 1079 2903 Eryx
1114 2848 1320 2889 ‘incurrite
1354 2863 1507 2889 mecum

467 2910 513 2948 Et
535 2912 773 2961 prosternite
796 2912 900 2949 humi
924 2913 1102 2948 iuvenem
1124 2912 1270 2960 magica
1299 2922 1401 2947 arma
1430 2916 1649 2948 moventem
1666 2907 1686 2946 ‚¹³

469 2970 704 3007 Incursurus
738 2977 848 3008 erat:
883 2970 1007 3007 tenuit
1040 2971 1199 3019 vestigia
1232 2968 1372 3019 tellus,

470 3028 721 3078 inmotusque
756 3028 849 3066 silex
884 3034 1106 3077 armataque
1140 3029 1281 3065 mansit
1312 3029 1459 3077 imago,

470 3086 515 3124 lli
549 3096 676 3124 tamen
703 3099 749 3125 ex
783 3088 921 3125 mer-ito
956 3098 1100 3137 poenas
1133 3084 1319 3124 subiere.
1358 3086 1425 3123 sed
1460 3097 1561 3124 unus

468 3144 575 3183 Miles
609 3152 692 3183 erat
723 3144 887 3196 Persei,
920 3157 990 3196 pro
1029 3157 1105 3195 quo
1139 3144 1231 3182 dum
1263 3152 1439 3195 pugnat,
1471 3145 1688 3194 Aconteus,

469 3203 647 3253 Gorgone
681 3210 888 3254 conspecta
922 3216 1012 3242 saxo
1046 3204 1245 3241 concrevit
1277 3202 1438 3241 oborto.

469 3262 593 3307 Quem
625 3268 732 3300 ratus
765 3264 949 3313 Astyages
982 3263 1194 3300 etiamnum
1227 3262 1385 3313 vivere,
1418 3261 1531 3311 longo

468 3319 569 3358 Ense
604 3321 720 3359 serit.
761 3322 892 3359 sonuit
924 3320 1131 3359 tinnitibus
1165 3321 1270 3359 ensis
1303 3321 1449 3358 acutis.

965 3412 974 3429 ‚
1003 3387 1178 3417 naturam
1212 3380 1328 3417 traxit
1360 3378 1542 3428 eandem,

469 3437 762 3488 Mat-moveoque
799 3444 926 3476 manet
959 3437 1086 3476 vultus
1121 3438 1298 3476 mirantis
1330 3439 1369 3475 in
1402 3448 1492 3475 ore.

470 3495 630 3533 Nomina
659 3496 769 3546 longa
803 3508 910 3535 mora
944 3502 1001 3534 est
1035 3496 1159 3534 media
1193 3495 1239 3534 de
1273 3494 1384 3547 plebe
1418 3497 1589 3533 virorum

2059 3152 2084 3487 tio-,obn112455·:-21.v.a³'
2059 2845 2081 3126 ·i··-⁴J¹³=²'³2‘·'·
2058 2645 2074 2817 ¹⁷¹⁴'⁸³·‘'‘⁸'
2063 2614 2066 2618 ”
2059 2520 2068 2568 ‘*“
2059 2451 2069 2500 '''

2052 3492 2084 3551 1113ss

2069 3809 2087 3826 s·
2047 3592 2088 3795 -tttntmxnsn
2057 3559 2073 3565 ²

2046 3877 2056 3886 Α
2055 3832 2059 3836 .

2062 3839 2084 3887 ²52.-
