1554 2563
532 118 565 152 11
583 144 591 160 ,
618 117 807 162 874—111‚
836 120 879 152 67
898 144 905 152 .
1055 129 1191 153 CADMUS
1335 117 1389 158 47

166 226 362 267 Uberibus
394 227 586 266 fecundus
618 228 758 279 aquis,
790 226 857 266 ubi
889 226 1070 266 conditus
1103 233 1215 266 antro

166 285 328 326 Martius
360 286 497 337 anguis
530 291 642 337 erat,
673 286 805 325 cristis
836 287 1054 337 praesignis
1087 292 1126 326 et
1156 298 1276 326 auro:

167 344 259 396 Igne
291 345 438 384 micant
468 343 600 396 oculi3
633 355 777 396 corpus
808 351 934 383 tumet
965 356 1079 384 omne
1112 356 1286 396 venen03

167 403 345 455 Tresque
364 401 519 442 vibrant
548 402 732 455 linguae3
764 402 909 454 triplici
938 409 1043 442 stant
1062 403 1200 442 ordine
1231 403 1390 443 dentes.

102 469 146 502 35
167 462 293 508 Quem
323 467 531 513 postquam
562 460 678 512 Tyria
709 461 840 501 lucum
873 462 921 500 de
953 467 1070 513 gente
1101 462 1269 514 profecti

167 520 341 560 Infausto
374 521 540 571 tetigere
572 520 720 572 gradu,
753 521 999 571 demissaque
1031 522 1071 559 in
1103 520 1228 559 undas

165 579 272 619 Urna
304 578 412 618 dedit
443 580 615 617 sonitum
634 610 645 630 ,
677 578 791 630 longo
825 585 942 631 caput
973 579 1114 618 extulit
1145 585 1256 618 antro

168 637 380 677 Caeruleus
413 649 576 689 serpens
607 637 882 689 horrendaque
916 637 1027 676 sibila
1059 639 1186 676 misit.

168 696 367 736 Effluxere
399 707 521 735 urnae
554 695 762 749 manibus,
795 698 1033 748 sanguisque
1065 697 1253 747 relinquit

102 763 148 795 4ο
168 755 320 807 Corpus
338 786 350 807 ,
381 760 421 794 et
451 756 637 794 attonitos
668 755 823 795 subitus
855 761 1004 794 tremor
1037 761 1203 806 occupat
1234 761 1367 794 artus.

169 814 236 853 llle
267 813 503 853 volubilibus
535 825 765 864 squamosos
797 813 962 854 nexibus
995 813 1111 853 orbes

167 873 372 925 Torquet,
404 878 444 911 et
473 874 673 912 inmensos
706 872 806 912 saltu
840 874 1019 912 sinuatur
1050 874 1090 911 in
1123 884 1262 925 arcus,

167 932 220 970 Ac
252 931 377 970 media
408 930 497 982 plus
527 936 638 982 parte
670 931 775 970 leves
807 937 963 971 erectus
994 933 1035 970 in
1067 943 1182 970 auras

168 989 340 1042 Despicit
365 1001 480 1028 omne
512 1001 681 1042 nemus,
712 996 900 1041 tantoque
932 995 993 1028 est
1024 1001 1215 1042 corpore,
1247 996 1392 1041 quanto

102 1057 147 1088 45
171 1049 212 1088 Si
243 1054 370 1088 totum
403 1054 588 1101 spectes,
622 1050 795 1100 geminas
828 1050 895 1100 qui
928 1054 1082 1100 separat
1113 1048 1276 1087 Arctos.

170 1107 250 1147 Nec
282 1119 391 1147 mora
411 1139 421 1159 ‚
453 1106 669 1146 Phoenicas
688 1139 699 1159 ‚
731 1109 811 1146 sive
843 1107 897 1146 illi
929 1107 1005 1146 tela
1036 1106 1247 1159 parabant,

169 1166 258 1206 Sive
290 1167 421 1217 sugam
441 1197 452 1218 ,
483 1167 564 1204 sive
596 1167 680 1217 ipse
713 1167 830 1205 timor
861 1165 1096 1218 prohibebat
1127 1172 1366 1218 utrumque,

171 1224 376 1277 Occupat.
415 1224 486 1263 hos
517 1236 652 1264 morsu
671 1256 682 1276 ‚
714 1224 840 1276 longis
873 1224 1116 1276 amplexibus
1147 1224 1258 1277 illos,

170 1283 250 1322 Hos
282 1289 398 1322 necat
429 1282 548 1322 afflati
580 1283 734 1322 funesta
767 1283 856 1322 tabe
888 1285 1052 1322 veneni.

105 1349 150 1382 50
170 1342 334 1381 Fecerat
365 1343 523 1393 exiguas
555 1343 631 1381 iam
664 1341 721 1381 sol
754 1342 966 1381 altissimus
998 1341 1182 1381 umbras:

168 1401 276 1447 Quae
308 1412 416 1440 mora
448 1402 499 1440 sit
529 1402 675 1453 sociis,
707 1402 872 1439 miratur
902 1401 1081 1452 Agenore
1114 1406 1253 1451 natus,

168 1459 419 1511 Vestigatque
451 1460 584 1498 viros.
622 1465 808 1510 tegumen
840 1459 992 1510 direpta
1023 1459 1147 1498 leonis

169 1517 288 1558 Pellis
320 1523 433 1570 erat,
465 1517 586 1557 telum
618 1517 839 1568 splendenti
869 1517 1004 1557 lancea
1036 1517 1141 1555 ferro

168 1576 219 1616 Et
249 1576 420 1616 iaculum
439 1607 450 1628 ‚
480 1575 637 1626 teloque
669 1577 822 1615 animus
853 1577 1116 1627 praestantior
1148 1576 1276 1614 omni.

104 1643 149 1675 55
169 1635 221 1675 Ut
251 1647 390 1677 nemus
422 1635 581 1674 intravit
610 1634 806 1684 letataque
839 1646 1004 1685 corpora
1035 1633 1154 1685 vidit,

169 1693 445 1744 victoremque
477 1705 596 1745 supra
628 1694 789 1744 spatiosi
821 1694 999 1744 corporis
1030 1692 1184 1731 hostem

170 1752 315 1792 Tristia
348 1754 561 1803 sanguinea
592 1751 828 1790 lambentem
859 1751 1021 1790 vulnera
1051 1751 1206 1803 lingua,

171 1808 263 1851 ‘Aut
293 1810 398 1850 ultor
428 1816 610 1863 vestrae,
642 1809 828 1849 fidissima
860 1821 1054 1862 corpora,
1086 1811 1248 1862 mortis,

170 1870 248 1909 Aut
278 1865 425 1909 comes'
462 1870 591 1920 inquit
623 1866 706 1907 ‘ero
727 1865 751 1907 .'
791 1868 916 1920 dixit,
954 1868 1171 1919 dextraque
1209 1867 1394 1907 molarem

109 1936 155 1968 60
178 1927 348 1968 Sustulit
379 1933 419 1967 et
449 1939 633 1979 magnum
664 1939 803 1978 magno
837 1928 1040 1966 conamine
1072 1928 1200 1965 misit.

171 1985 280 2026 Illius
311 1986 483 2038 impulsu
516 1998 606 2025 cum
637 1985 815 2025 turribus
847 1985 967 2024 ardua
999 1984 1114 2024 celsis

170 2044 322 2084 Moenia
354 2051 457 2084 mota
488 2045 647 2084 forent:
679 2055 842 2096 serpens
875 2045 958 2082 sine
990 2043 1151 2082 vulnere
1183 2044 1348 2096 mansit,

174 2102 417 2155 Loricaeque
448 2103 563 2142 modo
596 2104 769 2155 squamis
802 2102 987 2141 defensus
1019 2108 1059 2140 et
1089 2107 1194 2141 atrae

173 2161 324 2201 Duritia
354 2161 466 2213 pellis
498 2161 644 2201 validos
676 2167 766 2200 cute
798 2160 971 2212 reppulit
1002 2161 1127 2199 ictus.

110 2226 154 2260 65
173 2220 222 2259 At
251 2231 331 2259 non
363 2220 507 2260 duritia
537 2219 708 2259 iaculum
741 2231 897 2271 quoque
929 2219 1022 2258 vicit
1053 2218 1213 2271 eadem,

175 2278 290 2324 Quod
323 2278 451 2318 medio
483 2278 611 2318 lentae
643 2279 777 2330 spinae
810 2278 1034 2317 curvamine
1065 2277 1187 2316 fixum

175 2335 388 2390 Constitit,
419 2342 458 2376 et
488 2343 614 2377 totum
646 2336 848 2376 descendit
879 2337 920 2375 in
951 2335 1015 2375 ilia
1046 2336 1220 2375 ferrum.
