1554 2563
498 127 610 170 XIV,
636 130 821 162 496—569
838 155 845 162 .
916 140 1051 162 AENEAS
1076 140 1185 162 navas
1253 126 1337 168 297

118 235 307 275 Mulciber
337 235 506 289 urebat,
535 248 685 288 perque
716 236 836 276 altum
869 237 915 276 ad
948 236 1106 276 carbasa
1138 236 1280 276 malum

118 293 231 347 Ibat,
265 300 304 333 et
334 296 518 334 incurvae
552 294 751 334 fumabant
784 301 954 334 transtra
985 297 1163 335 carinae:

30 360 98 392 535
119 352 216 392 Cum
248 364 398 392 memor
429 353 498 392 has
529 354 645 405 pinus
677 353 789 393 Idaeo
822 355 968 393 vertice
1001 366 1133 393 caesas

120 411 260 450 Sancta
292 411 409 450 deum
440 414 618 462 genetrix
651 412 856 451 tinnitibus
889 416 977 452 aera
1008 412 1111 464 pulsi

119 472 228 508 Aeris
261 476 300 509 et
331 470 454 509 inssati
486 470 693 522 complevit
724 483 926 510 murmure
958 470 1075 523 buxi,

119 528 273 580 Perque
305 528 409 568 leves
441 528 599 568 domitis
631 531 782 569 invecta
813 529 993 569 leonibus
1026 541 1138 568 auras

119 584 248 626 ‘Irrita
281 587 467 639 sacrilega
499 589 618 627 iactas
645 588 825 627 incendia
858 589 1016 640 dextra,

31 653 99 684 540
119 645 252 685 Turne
273 643 297 685 Γ
330 647 383 685 ait
416 643 621 698 ‘eripiamz
654 659 727 686 nec
759 659 819 686 me
851 649 1022 698 patiente
1055 645 1244 685 cremabit

123 704 226 756 Ignis
259 704 354 744 edax
387 717 593 744 nemorum
624 713 757 757 partes
790 711 828 744 et
859 704 1032 744 membra
1065 716 1242 743 meorum
1257 701 1281 742 .'

120 763 295 802 Intonuit
327 763 480 802 dicente
513 763 582 803 dea
602 796 612 815 ‚
644 766 913 815 tonitrumque
946 765 1071 802 secuti

121 821 217 861 Cum
250 821 411 861 sal-iente
444 834 580 873 graves
612 822 840 862 ceciderunt
871 822 1057 873 grandine
1090 821 1234 872 nimbi,

120 881 298 931 Aeraque
331 887 370 920 et
401 881 595 920 tumidum
628 880 767 920 subitis
799 881 1056 920 concursibus
1089 892 1234 930 aequor

32 946 98 977 545
120 940 272 978 Astraei
304 938 464 978 turbant
496 945 535 978 et
566 946 661 979 eunt
691 941 731 978 in
764 939 911 991 proelia
942 940 1105 978 fratres.

118 997 148 1036 E
183 996 326 1048 quibus
358 997 456 1037 alma
487 1010 629 1049 parens
661 999 778 1038 unius
810 997 958 1037 viribus
991 1010 1082 1049 usa,

122 1055 296 1107 Stuppea
327 1059 530 1108 praerupit
561 1057 750 1108 Phrygiae
783 1056 997 1096 retinacula
1031 1056 1188 1108 classis,

120 1114 291 1165 Fertque
318 1121 422 1154 rates
448 1127 620 1168 pronas,
647 1115 854 1166 medioque
882 1114 953 1154 sub
981 1126 1150 1165 aequore
1176 1115 1339 1165 mergit.

117 1172 272 1212 Robore
304 1173 451 1212 mollito
484 1174 667 1225 lignoque
698 1176 738 1213 in
770 1185 935 1225 corpora
966 1185 1079 1212 verso
1172 1181 1202 1207 f.
1225 1181 1340 1207 cxcvii.

31 1238 98 1270 550
121 1230 183 1281 [In
215 1233 385 1283 capitum
418 1233 536 1271 facies
567 1245 720 1284 puppes
752 1238 954 1272 mutantur
986 1232 1182 1284 aduncae,

117 1290 159 1329 In
193 1289 334 1342 digitos
367 1290 512 1330 abeunt
544 1297 583 1330 et
614 1303 730 1331 crura
761 1292 933 1330 natantia
964 1292 1086 1341 remi,

118 1348 309 1400 Quodque
344 1350 453 1388 sinus
487 1350 642 1402 fuerat,
675 1350 774 1389 latus
808 1356 897 1401 est,
929 1349 1147 1400 mediisque
1180 1349 1311 1387 carina

119 1406 281 1446 Subdita
312 1409 475 1459 navigiis
508 1410 641 1459 spinae
674 1413 847 1447 mutatur
878 1409 918 1446 in
950 1419 1090 1459 usum,

118 1465 213 1505 Lina
246 1478 379 1505 comae
411 1466 546 1505 molles
566 1498 577 1519 ,
609 1473 812 1505 antemnae
844 1465 1025 1505 bracchia
1058 1464 1197 1517 fiunt3]

30 1531 97 1562 555
119 1523 308 1564 Caerulus
321 1555 332 1577 ,
351 1530 395 1563 ut
415 1524 542 1564 suerat
554 1556 564 1577 ‚
584 1524 691 1564 color
711 1530 793 1577 est3
820 1536 995 1575 quasque
1015 1530 1104 1562 ante
1130 1522 1340 1576 timebant,

117 1582 204 1622 Illas
236 1584 420 1634 virgineis
452 1589 638 1622 exercent
668 1582 819 1622 lusibus
851 1582 974 1622 undas

119 1641 260 1680 Naides
293 1653 539 1692 aequoreae.
580 1640 786 1692 [du-risque
812 1642 852 1680 in
884 1640 1083 1680 montibus
1115 1647 1221 1679 ortae

117 1699 230 1738 Molle
263 1700 408 1739 fretum
441 1699 669 1753 celebrant,
700 1712 773 1739 nec
805 1712 870 1739 eas
903 1712 972 1739 sua
1004 1700 1128 1750 tangit
1159 1701 1291 1750 origo.

117 1758 202 1797 Non
235 1764 364 1797 tamen
398 1757 540 1798 oblitae
559 1790 570 1811 ‚
602 1770 716 1810 quam
751 1758 871 1797 multa
902 1758 1076 1809 pericula
1108 1769 1221 1796 saevo

31 1823 97 1855 560
118 1816 359 1856 Pertulerint
389 1816 524 1868 pelago
545 1816 573 1869 ‚]
606 1818 757 1856 iactatis
790 1829 906 1868 saepe
938 1818 1080 1855 carinis

120 1874 372 1927 Subposuere
404 1887 542 1915 manus
561 1907 572 1928 ,
604 1877 679 1914 nisi
711 1877 823 1926 siqua
854 1875 1019 1914 vehebat
1049 1874 1237 1913 Achivos.

119 1932 265 1984 [Cladis
299 1933 424 1973 adhuc
455 1933 645 1985 Phrygiae
679 1945 872 1972 memores
891 1965 902 1986 ,
934 1933 1052 1972 odere
1085 1933 1292 1984 Pelasgos:

117 1991 369 2044 Neritiaeque
402 1994 497 2031 ratis
529 1993 712 2032 viderunt
742 1993 932 2043 fragmina
963 1992 1075 2030 laetis

31 2056 98 2088 564
117 2050 297 2090 Vultibus
315 2082 326 2103 ,
360 2056 399 2090 et
429 2051 552 2091 laetae
583 2050 716 2090 videre
749 2052 945 2102 rigescere
977 2052 1162 2102 puppim.

30 2116 96 2147 566
120 2108 217 2160 Spes
250 2115 363 2162 erat,
395 2110 435 2148 in
466 2109 654 2161 nymphas
687 2111 852 2148 animata
885 2108 1008 2147 classe
1040 2109 1208 2148 marinas

117 2166 238 2206 Posse
271 2174 378 2207 metu
410 2169 577 2207 monstri
608 2167 797 2206 Rutulum
830 2167 1020 2206 desistere
1053 2166 1196 2216 bello.]

176 2225 360 2278 Perstat,
393 2225 587 2278 habetque
621 2226 714 2265 deos
745 2238 835 2278 pars
867 2232 1033 2277 utraque
1052 2258 1063 2279 ‚
1097 2225 1278 2277 quodque

1083 2284 1247 2324 deorum
1280 2291 1337 2323 est

118 2340 275 2395 Instar,
305 2342 451 2383 habent
482 2344 658 2382 animos.
697 2355 770 2382 nec
801 2344 877 2382 iam
909 2343 1047 2383 dotalia
1079 2355 1223 2397 regna,
