1523 2568
88 82 135 118 VI

88 196 283 243 posterior
320 196 396 233 fuit
433 195 580 233 eruditi
616 196 883 246 grammatici,
921 197 988 246 qui
1019 201 1154 236 nosset
1185 198 1420 236 locutionem

88 251 321 291 Ovidianam
367 255 516 302 ιιι-εἰσ,
566 255 607 292 et
649 266 813 292 acumen
857 254 1000 293 addere
1043 256 1181 305 vellet,
1232 256 1301 294 sed
1344 267 1421 294 non

88 311 259 350 attendit
291 312 339 348 ad
367 311 418 360 id,
451 311 554 360 quod
587 312 712 362 adest,
745 314 778 350 si
809 316 890 351 erat
921 325 1009 351 cum
1041 314 1220 363 emphasi
1251 314 1422 363 legatur,

89 365 341 419 ‘quamquam
380 370 546 408 aderant
583 371 729 420 omnia,
769 374 903 409 tamen
941 372 1098 421 singula
1134 372 1308 410 numeris
1341 372 1421 410 suis

87 440 225 466 manca
256 423 397 466 erant'.
447 429 567 466 simili
599 429 714 467 modo
746 430 990 467 intellectum
1021 442 1099 468 non
1131 433 1191 468 est
1222 442 1375 468 comma
1399 442 1424 468 a

87 498 149 524 me
205 486 358 534 pridem
407 487 580 535 positum
628 501 664 526 v.
698 488 752 525 20
801 490 892 537 post
941 490 1132 535 ponam,-
1181 489 1423 537 praecipitur

88 545 315 594 etiamnum,
347 547 427 583 sine
449 547 620 593 pondere
651 558 738 584 esse
769 559 840 595 pro
873 546 1020 596 dativo,
1052 546 1155 595 quod
1187 548 1284 585 satis
1311 546 1422 585 abso-

87 615 191 640 num,
247 616 318 652 pro
355 605 617 652 nominativo,
660 604 805 642 omisso
850 605 982 654 aliquo
1023 605 1248 654 participio,
1289 607 1423 654 potest

87 673 185 711 esse,
217 664 263 700 ut
293 670 342 700 IX
365 663 466 712 6393
497 665 616 712 poeta
640 663 796 701 variare
820 663 948 702 voluit
973 666 1206 711 structuras,
1238 664 1298 701 uti
1329 663 1422 702 fecit

87 729 116 758 V
137 721 219 758 546
253 722 295 759 in
326 722 411 764 alis,
442 723 484 758 in
514 724 639 769 caput,
670 733 814 769 unques
846 716 932 773 (qui
964 724 1025 760 est
1056 722 1305 760 accusativus
1338 722 1421 760 eius

86 779 191 816 modi
223 781 268 816 ut
298 787 364 816 vn
389 780 469 817 183
504 791 600 828 quos
625 775 792 830 notavi),
824 788 890 818 vn
911 782 965 817 43
998 781 1124 818 vultus
1148 782 1190 818 in
1217 781 1294 824 illo,
1320 781 1423 819 nobi-

86 839 175 876 litas
201 839 341 880 animo,
371 839 501 885 qratia
525 839 684 885 formae.
804 835 860 875 36
886 846 1040 876 FRETA
1070 847 1312 878 DlFFUNDI.
1350 839 1423 877 hoc

86 898 240 935 rectene
277 896 423 944 partim
461 908 508 933 ex
538 895 655 935 Bern.
687 896 879 945 dederim,
916 897 1106 946 pendebit
1142 909 1187 935 ex
1224 897 1423 936 Lactantii

85 955 215 994 codice
241 955 492 1004 Bononiensi,
524 966 641 1004 quem
671 955 788 993 nimis
822 955 950 993 obiter
980 955 1149 994 versavi.
1197 967 1290 994 nam
1322 956 1422 994 eius-

85 1014 174 1052 dem
199 1013 397 1051 Lactantii
429 1016 469 1051 et
494 1013 575 1051 cod.
602 1013 814 1051 Bernensis
839 1026 875 1052 v.
899 1015 980 1052 173
1014 1014 1158 1052 dicitur
1189 1026 1286 1063 esse,
1318 1014 1423 1064 quod

86 1072 194 1122 dedi,
225 1072 305 1110 hac.
367 1084 392 1110 a
422 1073 545 1119 fronte
575 1083 653 1109 non
683 1074 817 1121 potest
847 1072 991 1121 opponi
1022 1074 1182 1111 diversis
1213 1074 1320 1120 locis,
1345 1073 1423 1112 nisi

85 1131 256 1180 dicatur,
300 1142 400 1180 quae
443 1142 491 1168 ea
532 1130 642 1168 frons
684 1131 748 1169 sit.
809 1131 975 1180 attingit
1017 1131 1090 1169 hoc
1135 1131 1184 1168 ad
1227 1132 1422 1180 quaestio-

84 1202 174 1227 nem
210 1189 321 1226 illam
359 1188 635 1227 difficillimam
672 1190 1000 1238 topographicam
1037 1189 1085 1227 de
1128 1189 1238 1227 aditu
1276 1191 1420 1228 montis

84 1248 275 1286 Palatini:
307 1249 416 1295 frons
434 1248 591 1290 Palatii,
618 1247 652 1285 si
676 1248 847 1297 memini,
873 1250 934 1286 est
958 1249 999 1285 in
1019 1248 1269 1286 Mirabilibus
1289 1248 1421 1287 Urbis.

235 1303 317 1344 190
350 1313 690 1344 INMEDICABILE
724 1313 857 1345 CURA.
907 1318 1042 1355 corpus
1084 1307 1178 1344 libri
1219 1308 1420 1346 meliores:

84 1366 222 1403 vulnus
247 1365 490 1414 interpolati,
517 1367 563 1402 ut
588 1374 622 1403 11
644 1366 729 1403 606
752 1367 794 1403 et
820 1365 989 1414 saepius.
1037 1365 1179 1403 vitium
1199 1366 1282 1404 sine
1302 1365 1420 1405 dubio

83 1424 364 1470 inveteratum,
397 1423 480 1462 sive
510 1423 658 1462 litteris
688 1423 927 1473 capitalibus
959 1424 1147 1472 scriptum
1176 1424 1253 1462 fuit
1279 1431 1421 1475 CURR,

84 1483 226 1520 affecta
261 1484 465 1530 postrema
495 1490 542 1532 A,
579 1485 625 1520 ut
661 1482 702 1519 in
737 1482 867 1520 titulis
904 1482 1071 1531 lapideis
1106 1483 1258 1532 passim
1288 1483 1420 1522 obser-

83 1543 212 1590 vatur,
245 1541 327 1579 sive
360 1541 407 1578 de
440 1541 638 1590 scriptura
669 1540 935 1590 cogitandum,
967 1540 1095 1590 qualis
1126 1540 1169 1579 in
1195 1541 1420 1590 fragm-ento

83 1600 197 1637 Pont.
231 1598 450 1647 Guelferb,
488 1601 558 1637 aut
589 1599 710 1637 Plinii
743 1599 978 1649 Veronensi3
1016 1599 1085 1637 sed
1115 1599 1157 1637 in
1186 1600 1261 1637 hac
1285 1600 1420 1638 malim

83 1657 214 1696 redire
234 1658 284 1695 ad
304 1657 579 1707 compendium
599 1658 703 1707 quod
723 1659 784 1696 est
809 1658 993 1696 editionis
1013 1658 1229 1697 Moneanae
1254 1672 1290 1707 p.
1307 1661 1372 1708 18,
1393 1662 1418 1696 4

82 1717 123 1754 in
154 1722 279 1766 PRA0,
322 1728 368 1754 ac
410 1728 601 1765 reponere
645 1717 906 1755 inmedicabile
952 1723 1122 1766 CURAE,
1172 1720 1216 1755 ut
1259 1725 1308 1754 IX
1335 1718 1418 1755 262

82 1775 253 1824 legimus
290 1775 513 1823 populabile
549 1777 738 1821 flammae.
787 1786 882 1813 cura
919 1778 959 1813 et
996 1786 1132 1814 curare
1171 1776 1323 1814 scilicet
1359 1779 1421 1814 est

82 1834 335 1872 medicorum.
484 1830 583 1884 207,
621 1831 717 1872 208.
755 1833 826 1871 hos
863 1846 1002 1872 versus
1044 1834 1260 1883 proscripsi
1302 1837 1420 1883 atque

83 1892 401 1942 interpolationis
427 1893 576 1942 generi,
602 1892 707 1941 quod
730 1892 894 1930 tertium
914 1892 1083 1942 appello,
1109 1904 1306 1942 accenseo,
1332 1904 1419 1930 cum

84 1951 240 1989 saeculo
273 1963 318 1988 eo
349 1951 450 1999 sere,
482 1964 559 2000 quo
591 1951 821 1988 Ekkehardi
851 1950 1098 1989 Waltharius
1136 1952 1315 1990 edolatus
1348 1955 1419 2001 est,

82 2011 123 2047 in
155 2009 413 2047 scholasticae
451 2009 632 2047 lectionis
670 2009 834 2058 fabulis,
873 2010 1008 2058 quales
1047 2010 1176 2048 scriba
1207 2010 1419 2049 Ber-nensis

83 2068 237 2117 selegit,
269 2070 340 2105 aut
372 2068 551 2106 salebrae
583 2068 765 2106 dictionis
797 2067 1114 2118 laevigabantur,
1146 2072 1215 2106 aut
1245 2069 1372 2107 multa
1397 2081 1420 2107 a

82 2127 220 2164 multis
252 2128 356 2175 apte,
390 2127 523 2175 inepte
555 2125 908 2175 amplificabantur.
954 2126 1084 2165 visum
1115 2127 1178 2164 hic
1209 2127 1344 2177 alicui,
1375 2129 1421 2166 ut

83 2185 204 2223 etiam
235 2192 321 2223 VIII
343 2185 409 2234 95,
442 2185 578 2223 deesse
598 2185 702 2234 quod
722 2196 941 2223 sermonem
971 2185 1245 2234 insequentem
1275 2186 1419 2224 denun-

82 2244 215 2281 ciaret.
267 2243 400 2281 omisit
438 2245 556 2291 poeta
587 2252 653 2281 ΧΠ
677 2245 757 2282 176
793 2244 873 2281 542
909 2251 995 2281 xm
1019 2246 1098 2282 127
1133 2252 1214 2282 x1v
1233 2246 1338 2294 4643
1370 2253 1419 2282 xl

85 2303 166 2339 6⁶22
207 2310 255 2339 x1
282 2302 364 2340 389
404 2309 472 2339 ΧΠ
501 2302 580 2339 182
621 2310 707 2339 x111
736 2303 830 2340 640.
1005 2299 1088 2340 268
1121 2310 1250 2341 MANU
1283 2311 1418 2341 LATA.
