1554 2563
110 143 196 185 224
367 155 495 177 anzus
661 142 874 177 METAMM
887 170 896 179 .

227 252 511 303 Dissimilisque
543 253 605 291 sui
636 252 797 291 fratrem
829 251 987 304 lugebat
1016 251 1262 303 ademptum.

227 311 312 357 Quo
345 317 551 363 postquam
583 311 770 350 Aeacides
803 311 930 350 fessus
963 323 1135 361 curaque
1166 313 1305 362 viaque

140 378 207 409 275
228 370 371 422 Venit,
403 376 442 409 et
472 372 631 409 intravit
662 372 797 421 paucis
830 369 1107 408 comitantibus
1140 369 1302 419 urbem,

228 428 414 480 Quosque
452 441 590 480 greges
628 441 839 481 pecorum,
879 440 977 479 quae
1015 440 1150 468 secum
1187 435 1362 467 armenta

1251 486 1449 538 trahebat,

228 545 338 585 Haud
371 545 510 598 procul
542 558 562 585 a
593 547 717 585 muris
750 546 822 585 sub
855 558 975 597 opaca
1006 545 1101 585 valle
1134 545 1317 597 reliquit,

229 605 348 657 Copia
380 617 470 644 cum
503 606 604 644 sacta
635 611 695 644 est
727 605 894 643 adeundi
927 606 1050 656 prima
1084 606 1260 657 tyranni,

228 663 452 704 Velamenta
483 676 600 703 manu
631 664 893 715 praetendens
925 663 1100 715 supplice
1120 695 1130 715 ‚
1163 664 1230 714 qui
1261 664 1334 716 sit,

141 732 208 764 280
230 723 395 774 Quoque
428 728 534 762 satus
553 755 563 775 ‚
596 727 815 762 memorat.
854 728 1005 761 tantum
1037 735 1106 761 sua
1139 723 1302 761 crimina
1334 722 1451 772 celat,

228 781 494 833 Mentiturque
527 782 640 833 fugae
673 793 858 833 causam3
893 783 1019 833 petit,
1051 781 1149 820 urbe
1181 780 1240 820 vel
1272 793 1364 832 agro

231 840 281 879 Se
313 842 448 879 iuvet.
487 840 592 879 hunc
626 846 761 879 contra
794 840 944 891 placido
977 839 1210 878 Trachinius
1243 852 1311 878 ore

229 899 388 938 Talibus
420 899 662 950 alloquitur:
700 896 865 938 ‘mediae
898 911 1054 949 quoque
1087 898 1289 937 commoda
1320 897 1423 950 plebi

229 957 371 996 Nostra
402 963 564 1010 patent,
596 957 716 996 Peleu
735 989 746 1010 ,
778 970 851 996 nec
881 957 1077 1008 inhospita
1103 969 1223 1008 regna
1249 963 1450 996 tenemus.

142 1024 210 1056 285
230 1016 361 1055 Adicis
392 1016 484 1055 huic
517 1018 644 1055 animo
676 1022 874 1055 momenta
905 1017 1108 1068 potentia,
1140 1016 1287 1054 clarum

229 1075 379 1114 Nomen
406 1087 597 1126 avumque
618 1075 747 1114 Iovem
767 1106 776 1114 .
815 1088 863 1114 ne
890 1080 1065 1126 tempora
1090 1074 1210 1126 perde
1237 1075 1453 1125 precando:

232 1134 343 1179 Quod
364 1135 485 1185 petis,
506 1146 620 1173 omne
642 1135 745 1173 feres
759 1164 767 1172 .
794 1139 939 1185 tuaque
960 1134 1055 1172 haec
1074 1145 1146 1185 pro
1167 1138 1276 1184 parte
1296 1142 1454 1185 vocato,

231 1192 537 1243 Qualiacumque
571 1192 677 1231 vides
697 1223 705 1231 .
744 1193 893 1231 utinam
924 1192 1085 1231 meliora
1115 1191 1269 1230 videres
1288 1189 1315 1231 !’

230 1250 280 1290 Et
311 1251 427 1289 flebat
447 1282 455 1289 .
495 1257 646 1289 moveat
677 1256 804 1289 tantos
838 1263 937 1301 quae
969 1262 1085 1289 causa
1117 1250 1294 1302 dolores,

143 1317 212 1350 290
232 1310 451 1360 Peleusque
484 1311 727 1360 comitesque
760 1316 925 1360 rogant.
965 1308 1107 1360 quibus
1139 1308 1202 1347 ille
1235 1309 1436 1360 profatur:

232 1366 427 1407 ‘Forsitan
458 1368 558 1408 hanc
590 1367 789 1406 volucrem
808 1400 819 1419 ‚
850 1373 960 1419 rapto
994 1380 1092 1418 quae
1126 1368 1218 1406 vivit
1249 1373 1288 1407 et
1319 1380 1453 1406 omnes

231 1427 373 1466 Terret
404 1439 523 1479 aves,
557 1438 713 1478 semper
744 1438 892 1478 pennas
924 1426 1107 1465 habuisse
1138 1428 1307 1477 putetis.

233 1485 318 1536 [Vir
349 1486 450 1524 fuit.
490 1491 529 1524 et
561 1491 665 1524 tanta
698 1490 759 1524 est
789 1487 907 1524 animi
938 1486 1155 1524 constantia
1173 1516 1184 1536 ‚
1216 1484 1423 1535 quantum]

231 1544 368 1583 Frater
400 1549 485 1583 erat
515 1543 695 1595 belloque
729 1545 840 1582 ferox
872 1544 917 1583 ad
950 1545 1105 1594 vimque
1137 1550 1320 1596 paratus,

145 1611 210 1643 295
242 1603 407 1641 Nomine
440 1602 649 1641 Daedalion
669 1634 679 1654 ,
711 1602 775 1641 illo
808 1604 985 1654 genitore
1018 1608 1196 1654 creatus,

232 1662 308 1707 Qui
340 1667 451 1700 vocat
483 1673 663 1700 auroram
697 1661 881 1712 caeloque
914 1662 1149 1700 novissimus
1182 1663 1283 1701 exit.

232 1720 344 1759 Culta
375 1720 469 1759 mihi
501 1732 575 1772 pax
608 1725 696 1772 est,
727 1721 835 1771 pacis
866 1720 961 1758 mihi
993 1732 1086 1759 cura
1117 1720 1308 1759 tenendae

232 1778 489 1830 Coniugiique
523 1780 624 1818 suit:
657 1779 768 1818 fratri
799 1779 881 1817 fera
913 1778 1012 1817 bella
1043 1778 1269 1830 placebant.

231 1837 338 1876 Illius
370 1839 494 1876 virtus
527 1849 640 1888 reges
672 1843 887 1888 gentesque
920 1837 1104 1889 subegit,

145 1905 212 1935 300
233 1896 339 1941 Quae
373 1908 478 1935 nunc
510 1896 721 1934 Thisbaeas
753 1897 873 1947 agitat
903 1901 1051 1935 mutata
1084 1896 1305 1937 columbas.

230 1955 327 1993 Nata
361 1960 444 1993 erat
475 1954 567 1993 huic
600 1954 746 1993 Chione
766 1986 777 2007 ‚
810 1966 908 2005 quae
941 1954 1181 1993 dotatissima
1215 1956 1338 1994 forma

231 2012 334 2051 Mille
366 2025 507 2064 procos
539 2012 676 2052 hahuit
694 2045 704 2065 ,
737 2013 795 2051 bis
828 2018 978 2064 septem
1010 2012 1153 2051 nubilis
1186 2015 1318 2052 annis.

231 2071 348 2110 Forte
381 2077 626 2111 revertentes
657 2071 840 2110 Phoebus
871 2071 1047 2122 Maiaque
1080 2078 1259 2124 creatus,

231 2130 298 2168 llle
330 2131 412 2169 suis
444 2129 603 2181 Delphis
622 2162 632 2182 ,
664 2130 727 2169 hic
759 2132 905 2169 vertice
939 2129 1144 2182 Cylleneo,

147 2197 211 2227 305
231 2187 371 2227 Videre
404 2188 503 2227 hanc
534 2190 711 2241 pariter,
742 2191 890 2240 pariter
921 2195 1076 2227 traxere
1108 2189 1298 2229 calorem.

233 2246 350 2297 Spem
382 2249 537 2286 veneris
569 2248 701 2286 differt
731 2249 771 2286 in
802 2253 978 2298 tempora
1012 2249 1138 2286 noctis
1170 2248 1330 2298 Apollo:

233 2304 318 2343 Non
351 2306 428 2344 sert
459 2305 521 2344 ille
554 2317 683 2344 moras
702 2337 713 2358 ,
744 2307 929 2356 virgaque
961 2312 1142 2345 movente
1174 2318 1355 2358 soporem

234 2362 401 2414 Virginis
434 2375 477 2402 os
510 2365 660 2414 tangit.
699 2369 805 2403 tactu
837 2366 938 2403 iacet
968 2364 1031 2403 illa
1062 2367 1236 2416 potenti,
