1554 2563
607 142 641 178 X
654 169 664 186 ,
689 146 875 178 363—433
893 170 901 179 .
1051 156 1192 178 mnam
1341 142 1424 184 207

113 258 181 290 400
202 250 303 297 Quid
335 263 425 292 rear
456 251 623 292 ulterius
642 249 664 292 *Ρ
695 260 802 292 certe
836 254 992 293 fortuna
1025 254 1244 306 domusque

203 310 347 362 Sospes
367 317 406 350 et
424 312 465 350 in
486 324 606 350 cursu
626 317 708 351 est.
728 313 863 351 vivunt
882 315 1139 365 genetrixque
1152 346 1163 367 ,
1182 319 1371 365 paterque
1385 309 1425 351 ,⁹⁹

200 369 355 420 Myrrha
373 402 385 422 ,
415 377 526 422 patre
558 370 689 409 audito
708 402 720 423 ,
752 372 920 423 suspiria
951 371 1062 411 duxit
1093 372 1139 411 ab
1171 374 1249 411 imo

200 427 395 467 Pectore.
433 441 506 468 nec
538 430 670 468 nutrix
704 430 916 469 etiamnum
949 432 1119 483 concipit
1150 431 1273 470 ullum

200 486 330 526 Mente
363 488 472 526 nefas
491 519 502 541 ‚
535 488 783 539 aliquemque
816 496 946 528 tamen
983 492 1200 541 praesentit
1231 502 1424 530 amorem.

113 553 180 584 405
202 545 478 598 Propositique
516 553 632 586 tenax
651 579 661 599 ,
695 547 969 599 quodcumque
1010 555 1098 602 est,
1130 555 1245 601 orat,
1276 554 1321 588 ut
1350 549 1423 601 ips?

200 604 350 644 Indicet
367 637 378 658 ,
411 611 450 644 et
481 607 629 657 gremio
661 605 928 646 lacrimantem
960 607 1061 646 tollit
1093 607 1207 660 anili,

200 664 328 715 Atque
359 665 413 703 ita
444 664 710 716 complectens
742 666 908 704 infirmis
940 665 1116 705 membra
1146 666 1328 719 lacertis,

202 719 439 762 “Sensimus
458 720 484 776 ,'
517 725 646 774 inquit
678 721 827 764 ‘amas.
866 730 906 763 et
936 726 976 764 in
1008 724 1082 764 hoc
1113 737 1228 779 mea,
1259 738 1360 777 pone

1220 786 1425 835 timorem,

201 840 397 881 Sedulitas
429 843 505 882 erit
536 849 624 894 apta
655 841 756 882 tibi.
795 855 867 882 nec
901 844 1044 882 sentiet
1075 855 1261 895 umquam

111 908 179 940 410
200 899 283 940 Hoc
314 906 426 953 pater
446 897 487 940 .''
520 901 677 940 exsiluit
708 903 855 953 gremio
888 901 1099 941 furibunda
1117 935 1128 955 ,
1159 909 1370 954 torumque

201 958 278 998 Ore
316 971 530 1013 premens,
564 957 782 1013 “discede,
814 973 985 1013 precor,
1023 963 1247 1012 miseroque
1284 960 1424 1012 pudori

199 1018 321 1058 Parce
342 1014 384 1057 !'’
416 1020 497 1058 ait.
536 1020 697 1058 instanti
730 1016 919 1058 “discede
938 1051 950 1072 ,
982 1026 1048 1059 aut
1079 1017 1230 1059 desine'
1264 1019 1361 1059 dixit

202 1075 417 1122 ‘Quaerere
437 1109 448 1129 ,
480 1077 572 1129 quid
606 1077 784 1117 doleam.
823 1078 952 1117 scelus
985 1084 1073 1132 est,
1106 1078 1209 1130 quod
1243 1080 1344 1117 scire

1219 1136 1371 1176 laboras
1386 1133 1426 1175 .''

200 1194 345 1234 Horret
377 1207 474 1234 anus
493 1227 503 1247 ‚
535 1195 802 1247 tremulasque
834 1208 973 1235 manus
1012 1198 1202 1247 annisque
1241 1203 1426 1248 metuque

106 1262 174 1293 415
195 1253 368 1307 Tendit,
401 1260 440 1293 et
472 1260 559 1293 ante
592 1255 712 1306 pedes
745 1255 907 1306 supplex
941 1255 1165 1307 procumbit
1197 1254 1397 1307 alumnae,

201 1312 251 1352 Et
282 1313 396 1352 modo
429 1312 659 1366 blanditur,
690 1313 805 1352 modo
825 1345 836 1366 ,
868 1315 902 1352 si
934 1326 1011 1353 non
1045 1316 1200 1353 conscia
1231 1315 1320 1366 fiat,

200 1372 371 1425 Terret,
402 1377 442 1411 et
472 1372 662 1411 indicium
692 1372 821 1423 laquei
855 1379 1094 1424 coeptaeque
1126 1374 1298 1412 minatur

200 1430 337 1469 Mortis
356 1462 367 1483 ,
400 1436 438 1469 et
469 1431 643 1469 officium
675 1432 883 1470 commisso
916 1432 1083 1482 spondet
1115 1433 1260 1470 amori.

200 1488 350 1528 Extulit
380 1489 444 1528 illa
477 1496 593 1540 caput
611 1520 622 1541 ‚
653 1488 902 1540 lacrimisque
935 1490 1110 1541 implevit
1142 1489 1291 1529 obortis

112 1556 180 1588 420
200 1547 365 1587 Pectora
397 1549 594 1600 nutricis;
627 1554 842 1598 conataque
875 1560 991 1599 saepe
1024 1549 1162 1601 fateri,

203 1607 327 1658 Saepe
359 1614 468 1646 tenet
498 1618 634 1645 vocem
653 1638 664 1658 ,
695 1606 1002 1658 pudibundaque
1035 1606 1210 1646 vestibus
1242 1619 1309 1646 ora

201 1665 315 1704 Texit
347 1671 386 1704 et
418 1662 487 1703 “o'
520 1665 616 1704 dixit
648 1662 818 1704 ‘felicem
850 1667 1015 1717 coniuge
1048 1672 1213 1705 matrem
1228 1662 1268 1705 !''

201 1723 430 1776 Hactenus,
463 1730 502 1763 et
533 1725 709 1775 gemuit.
748 1723 896 1775 gelidos
928 1725 1098 1764 nutricis
1128 1726 1169 1764 in
1202 1731 1310 1764 artus

202 1783 378 1834 Ossaque
398 1815 409 1836 ,
441 1784 564 1822 sensit
585 1784 688 1821 enim
707 1814 718 1835 ,
749 1788 931 1834 penetrat
950 1790 1101 1822 tremor
1119 1815 1130 1836 ,
1162 1783 1326 1835 albaque
1346 1788 1427 1822 toto

113 1850 181 1881 425
202 1841 356 1881 Vertice
390 1843 553 1881 canities
585 1841 721 1892 rigidis
754 1842 863 1880 stetit
893 1841 994 1880 hirta
1027 1842 1198 1893 capillis.

202 1900 401 1951 Multaque
420 1933 431 1952 ,
463 1906 507 1940 ut
538 1906 742 1939 excuteret
774 1899 880 1939 diros
898 1931 910 1953 ‚
941 1902 974 1939 si
1005 1907 1168 1953 posset,
1200 1912 1377 1953 amores,

203 1958 388 1998 Addidit.
427 1965 465 1998 at
496 1961 605 2010 virgo
638 1960 713 1998 scit
744 1970 786 1997 se
818 1971 897 1997 non
930 1958 1024 1997 falsa
1055 1961 1233 2012 moneri,

204 2017 319 2057 Certa
350 2019 451 2057 mori
483 2024 612 2057 tamen
646 2023 734 2069 est,
766 2018 799 2056 si
831 2029 909 2055 non
940 2018 1114 2068 potiatur
1145 2030 1300 2057 amore.

204 2074 327 2116 “Vive
347 2073 373 2129 ‚'
405 2078 460 2116 ait
490 2075 586 2116 haec
618 2073 784 2128 ‘potiere
816 2072 917 2114 tuo”
950 2096 1006 2103 -—
1037 2082 1106 2129 et,
1138 2088 1218 2115 non
1249 2088 1341 2115 ausa

1205 2131 1428 2186 “parente''

115 2203 184 2235 430
205 2194 372 2247 Dicere,
405 2196 624 2247 conticuit3
656 2195 927 2246 promissaque
959 2194 1119 2232 numine
1152 2193 1303 2233 firmat.

204 2253 318 2292 Festa
349 2254 435 2304 piae
468 2253 623 2292 Cereris
657 2252 907 2292 celebrabant
938 2264 1065 2291 annua
1096 2257 1243 2292 matres

204 2311 270 2350 Illa
288 2344 300 2365 ,
332 2311 475 2363 quibus
507 2313 618 2350 nivea
645 2311 791 2350 velatae
825 2322 989 2363 corpora
1020 2316 1128 2350 veste

204 2369 403 2410 Primitias
434 2371 594 2423 frugum
626 2370 718 2409 dant
749 2371 880 2422 spicea
912 2375 1016 2409 serta
1047 2381 1230 2413 suarum.
