1554 2563
148 102 168 140 1
176 99 230 141 74
372 112 548 134 acuamus
699 98 913 133 METAMM
928 127 936 134 .

263 209 418 249 Cornua
438 241 449 261 ‚
481 208 574 247 dum
605 209 743 260 potui.
783 220 888 248 nunc
919 220 1010 259 pars
1041 216 1149 247 caret
1179 208 1299 248 altera
1330 209 1408 249 telo

262 268 448 320 Frontis,
480 273 523 306 ut
554 268 636 318 ipse
669 266 775 306 vides
796 264 822 306 .'
859 268 1028 318 gemitus
1067 273 1159 306 sunt
1189 267 1306 306 verba
1337 269 1480 308 secuti.

576 520 760 574 LIBER
796 519 1001 574 NONUS
1017 559 1028 574 .
1241 521 1265 548 ⁶

262 617 369 664 Quae
401 620 570 671 gemitus
602 624 844 670 truncaeque
876 619 949 658 deo
981 618 1201 670 Neptunius
1234 619 1350 658 heros

262 676 387 717 Causa
417 683 529 729 rogat
560 677 729 716 frontis.
770 689 859 716 cum
891 678 947 716 sic
979 676 1212 728 Calydonius
1244 680 1368 717 amnis

262 735 428 789 Coepit,
462 738 664 775 inornatos
695 735 902 775 redimitus
933 735 1152 775 harundine
1184 737 1339 776 crines:

262 791 407 834 ‘Triste
439 796 541 847 petis
573 806 746 840 munus.v
785 795 874 846 quis
905 796 1010 833 enim
1041 806 1111 833 sua
1141 794 1289 846 proelia
1321 796 1446 835 victus

223 862 242 891 5
264 853 579 893 Commemorare
611 852 704 892 velit
723 850 744 892 Ῥ
776 853 945 892 referam
965 858 1094 892 tamen
1115 853 1253 892 ordine
1273 885 1281 893 .
1314 866 1387 894 nec
1407 860 1483 894 tam

261 911 394 964 Turpe
427 913 501 952 fuit
531 913 663 964 vinci,
695 924 811 963 quam
843 911 1092 951 contendisse
1125 911 1313 951 decorum
1344 918 1427 965 est;

261 970 475 1022 Magnaque
508 970 573 1009 d-at
604 970 717 1009 nobis
748 976 880 1009 tantus
913 970 1053 1009 solacia
1084 971 1231 1010 victor.

262 1029 427 1068 Nomine
453 1030 565 1080 siqua
596 1041 667 1069 suo
700 1029 856 1068 tandem
887 1030 1066 1080 pervenit
1097 1029 1143 1067 ad
1176 1042 1291 1068 aures

262 1087 442 1127 Deianira
473 1094 560 1127 tuas
592 1109 647 1115 —
681 1087 876 1138 quondam
907 1087 1170 1139 pulcherrima
1202 1090 1308 1139 virgo

199 1154 241 1185 10
261 1146 553 1197 Multorumque
585 1147 660 1185 fuit
691 1158 781 1197 spes
812 1146 1001 1185 invidiosa
1030 1158 1265 1197 procorum.

263 1204 361 1244 Cum
393 1204 536 1256 quibus
569 1210 612 1243 ut
645 1206 771 1243 soceri
803 1205 942 1243 domus
975 1210 1035 1243 est
1066 1206 1208 1243 intrata
1239 1207 1374 1258 petiti,

263 1260 436 1315 “Accipe
468 1275 529 1302 me
562 1275 752 1314 generum
769 1260 797 1315 ‚'
829 1263 908 1302 dixi
941 1260 1173 1302 ‘Parthaone
1206 1271 1294 1302 nate
1309 1261 1349 1303 :⁹³

262 1321 365 1360 Dixit
396 1328 435 1360 et
465 1321 647 1360 Alcides.
686 1321 749 1360 alii
781 1333 936 1360 cessere
968 1320 1144 1360 duobus.

262 1379 328 1418 Ille
361 1379 491 1419 lovem
522 1392 704 1419 socerum
735 1379 828 1418 dare
860 1392 902 1419 se
920 1411 931 1432 ,
963 1380 1182 1430 famamque
1213 1379 1414 1434 laborum,

200 1446 240 1476 15
261 1437 311 1477 Et
342 1444 524 1490 superata
556 1450 648 1477 suae
681 1437 878 1477 referebat
907 1440 1013 1477 iussa
1045 1450 1256 1477 novercae.

263 1496 406 1536 Contra
439 1509 510 1548 ego
544 1493 691 1548 “turpe
724 1496 841 1536 deum
872 1496 1027 1536 mortali
1059 1493 1238 1536 cedere?
1271 1497 1349 1536 dixi
1384 1520 1436 1525 —

261 1555 443 1595 Nondum
475 1562 560 1594 erat
579 1555 643 1594 ille
664 1555 761 1594 deus
782 1577 837 1583 —
859 1552 1009 1607 ‘regem
1041 1567 1103 1594 me
1135 1556 1264 1594 cernis
1296 1567 1482 1607 aquarum

262 1613 452 1654 Cursibus
484 1613 653 1665 obliquis
685 1615 788 1653 inter
821 1619 886 1653 tua
912 1625 1032 1665 regna
1057 1613 1270 1653 fluentum.

262 1672 342 1712 Nec
374 1685 494 1724 gener
527 1673 700 1712 externis
732 1672 874 1723 hospes
908 1671 978 1711 tibi
1010 1673 1154 1711 missus
1186 1672 1232 1710 ab
1265 1674 1366 1725 oris,

200 1739 243 1771 20
264 1731 340 1770 Sed
373 1731 572 1783 popularis
605 1743 672 1769 ero
706 1737 745 1769 et
775 1743 909 1770 rerum
940 1742 1031 1782 pars
1063 1743 1139 1769 una
1171 1736 1349 1770 tuarum.

262 1789 430 1829 Tantum
461 1802 510 1829 ne
542 1795 709 1842 noceat,
741 1789 845 1840 quod
877 1801 938 1827 me
971 1801 1044 1828 nec
1075 1789 1180 1840 regia
1212 1788 1308 1828 Iuno

264 1847 382 1901 Odit,
422 1854 461 1887 et
493 1849 619 1887 omnis
652 1847 762 1886 abest
793 1849 990 1887 iussorum
1022 1859 1147 1898 poena
1179 1846 1377 1887 laborum.

263 1906 360 1946 Nam
379 1938 390 1960 ‚
422 1919 499 1958 quo
532 1914 570 1945 te
602 1908 723 1945 iactas
742 1937 753 1958 ,
784 1906 968 1945 Alcmena
1000 1912 1089 1945 nate
1107 1938 1119 1958 ‚
1151 1912 1349 1958 creatum,

262 1965 437 2017 Iuppiter
469 1971 535 2004 aut
566 1964 686 2004 falsus
717 1971 829 2016 pater
860 1970 921 2004 est
937 1995 949 2017 ‚
980 1970 1047 2003 aut
1079 1965 1241 2003 crimine
1274 1977 1412 2004 verus,

199 2032 241 2063 25
262 2024 396 2063 Matris
428 2023 622 2063 adulterio
653 2029 805 2075 patrem
835 2024 965 2074 petis.
1005 2022 1103 2074 elige
1122 2054 1133 2074 ,
1164 2023 1299 2062 fictum

262 2082 359 2122 Esse
392 2082 521 2121 lovem
553 2081 663 2120 malis
682 2113 693 2134 ,
724 2093 773 2120 an
804 2087 842 2120 te
874 2093 945 2132 per
977 2080 1148 2120 dedecus
1180 2087 1311 2120 ortum
1325 2078 1366 2120 .”

262 2141 369 2180 Talia
401 2140 598 2180 dicentem
628 2139 843 2179 iandudum
873 2139 1019 2178 lumine
1051 2145 1161 2178 torvo

264 2199 451 2252 Spectat,
482 2205 522 2238 et
553 2210 739 2238 accensae
771 2210 850 2237 non
881 2198 1035 2237 fortiter
1067 2199 1232 2249 imperat
1262 2200 1366 2250 irae,

263 2256 467 2308 Verbaque
499 2263 557 2297 tot
588 2256 747 2296 reddit:
778 2253 946 2296 “melior
977 2255 1073 2295 mihi
1104 2256 1264 2295 dextera
1295 2256 1447 2307 lingua.

199 2324 243 2356 30
264 2315 479 2354 Dummodo
512 2315 721 2367 pugnando
754 2326 966 2366 superem,
998 2320 1040 2353 tu
1074 2316 1183 2353 vince
1215 2311 1441 2366 loquendo''
