1554 2563
101 140 182 182 106
297 151 532 175 ‘rmrronmus
651 137 865 173 METAMM
879 165 888 175 .

215 249 357 289 Vectus
390 255 473 288 erat
497 250 677 288 iuvenis:
710 247 912 300 Scythicas
943 248 1160 288 advertitur
1191 260 1301 288 oras.

128 316 195 348 650
216 309 297 347 Rex
329 307 384 347 ibi
414 307 569 359 Lyncus
601 312 712 346 erat.
750 308 855 358 regis
886 306 993 346 subit
1022 306 1086 346 ille
1118 313 1301 358 penates.

219 367 303 412 Qua
334 367 492 419 veniat,
525 377 759 417 causamque
791 367 873 404 viae
905 377 1128 416 nomenque
1160 371 1320 417 rogatus

215 424 264 463 Et
294 425 459 476 patriam
538 425 663 476 patria
693 429 753 463 est
792 423 918 463 clarae
955 421 1065 462 mihi'
1097 423 1195 463 dixit
1226 421 1436 475 ‘Athenae‚

217 482 482 535 Triptolemus
512 494 684 522 nomen.
722 483 809 521 veni
841 494 914 521 nec
945 494 1076 534 puppe
1107 494 1179 534 per
1210 482 1356 534 undas,

217 541 297 580 Nec
329 541 429 593 pede
459 553 532 593 per
563 546 718 580 terras:
748 541 873 592 patuit
904 540 1000 579 mihi
1030 542 1189 592 pervius
1221 541 1356 580 aether

130 608 196 639 655
218 600 324 639 Dona
357 602 441 639 sero
474 599 628 639 Cereris
647 631 658 652 ,
689 599 787 638 latos
819 611 917 650 quae
944 611 1079 651 sparsa
1110 611 1182 651 per
1213 611 1327 650 agros

217 659 441 710 Frugiferas
473 670 622 697 messes
653 657 913 709 alimentaque
946 659 1053 696 mitia
1084 657 1250 696 reddant
1263 653 1320 696 .’''

217 717 411 756 Barbarus
443 716 609 757 invidit:
640 718 816 767 tantique
848 722 893 756 ut
922 717 1098 755 muneris
1130 721 1267 755 auctor

218 776 305 827 lpse
339 776 418 828 sit,
449 775 617 827 hospitio
649 776 790 826 recipit
807 806 818 827 ,
850 786 1065 826 somnoque
1097 780 1297 825 gravatum

218 834 454 885 Adgreditur
486 834 620 873 ferro.
660 838 865 872 conantem
896 834 1016 885 figere
1047 839 1186 884 pectus

129 901 196 932 660
216 892 344 944 Lynca
377 892 495 931 Ceres
527 893 648 931 fecit:
679 903 896 943 rursusque
928 903 1000 943 per
1025 895 1113 930 aera
1144 893 1259 930 iussit
1305 899 1333 926 1.
1352 899 1435 925 lxffl.

217 951 461 1003 Mopsopium
494 952 674 990 iuvenem
707 962 838 989 sacros
870 952 1016 1001 agitare
1046 949 1194 1001 iugales
1209 945 1250 989 .''

490 420 535 440 «t

274 1010 447 1048 Finierat
479 1009 603 1048 dictos
635 1021 656 1048 e
688 1008 800 1048 nobis
831 1011 996 1047 maxima
1028 1015 1190 1048 cantus:

216 1070 264 1107 At
295 1068 485 1119 nymphae
517 1069 656 1107 vicisse
689 1067 780 1106 deas
812 1066 997 1106 Helicona
1029 1066 1202 1106 colentes

218 1126 411 1165 Concordi
443 1126 575 1165 dixere
606 1138 731 1165 sono.
771 1127 943 1165 convicia
980 1126 1102 1164 victae
1139 1164 1142 1166 .

129 1193 195 1224 665
217 1185 314 1224 Cum
345 1186 549 1237 iacerent,
583 1181 813 1236 “quoniam'
845 1183 942 1223 dixit
975 1181 1203 1223 ‘certamine
1236 1184 1343 1224 vobis

218 1243 460 1295 Supplicium
481 1244 672 1282 meruisse
704 1254 843 1294 parum
877 1249 965 1294 est,
997 1242 1280 1294 maledictaque
1301 1243 1436 1295 culpae

215 1302 365 1341 Additis
382 1333 394 1355 ‚
425 1307 465 1341 et
495 1314 573 1340 non
606 1308 666 1340 est
695 1302 881 1352 patientia
913 1300 1035 1339 libera
1065 1301 1202 1354 nobis,

217 1360 363 1399 Ibimus
394 1361 435 1399 in
466 1372 612 1412 poenas
631 1391 642 1413 ,
674 1365 713 1398 et
745 1370 821 1411 qua
852 1365 963 1398 vocat
992 1361 1050 1398 ira
1068 1391 1079 1412 ,
1110 1371 1322 1411 sequemur
1337 1356 1378 1399 .'’

215 1419 358 1457 Rident
389 1418 613 1458 Emathides
632 1450 643 1471 ,
675 1423 945 1470 spernuntque
976 1418 1141 1457 minacia
1172 1418 1313 1457 verba:

128 1485 196 1516 670
217 1477 463 1528 Conataeque
496 1477 603 1528 loqui
635 1482 674 1515 et
704 1488 843 1527 magno
876 1475 1044 1515 clamore
1075 1481 1277 1528 protervas

214 1536 412 1575 intentare
444 1547 611 1588 manus,
642 1547 790 1586 pennas
822 1535 928 1573 exire
960 1546 1031 1586 per
1060 1546 1214 1586 ungues
1307 1543 1335 1568 ί.
1355 1543 1432 1569 lxiv-

216 1595 412 1645 Aspexere
445 1606 537 1633 suos
555 1625 566 1646 ‚
593 1595 738 1645 operiri
770 1592 952 1632 bracchia
983 1592 1149 1644 plumis:

215 1652 423 1703 Alteraque
456 1652 617 1691 alterius
649 1651 773 1703 rigido
807 1663 1063 1690 concrescere
1095 1657 1224 1690 rostro

217 1710 293 1750 Ora
324 1711 457 1762 videt,
490 1710 747 1761 volucresque
779 1721 896 1748 novas
928 1709 1115 1748 accedere
1148 1710 1276 1749 silvis.

127 1777 194 1808 675
215 1769 394 1819 Dumque
426 1768 561 1807 volunt
592 1768 750 1821 plangi,
781 1780 852 1819 per
882 1767 1063 1806 bracchia
1094 1773 1199 1807 mota
1229 1768 1376 1807 levatae

215 1828 314 1866 Aere
345 1826 596 1879 pendebant,
628 1838 832 1865 nemorum
865 1827 1066 1878 convicia,
1097 1828 1230 1877 picae.

214 1885 327 1924 Nunc
359 1896 514 1935 quoque
547 1886 586 1923 in
618 1883 775 1923 alitibus
808 1883 986 1923 facundia
1017 1885 1147 1934 prisca
1177 1888 1365 1924 remansit

214 1943 423 1994 Raucaque
456 1942 664 1994 garrulitas
696 1942 948 1993 studiumque
980 1943 1148 1981 immane
1179 1942 1365 1995 loquendi
1381 1941 1405 1983 .’

522 2135 706 2190 LIBER
743 2135 979 2190 SEXTUS
998 2175 1011 2188 .

215 2234 455 2274 Praebuerat
486 2234 600 2273 dictis
633 2233 809 2273 Tritonia
840 2233 982 2273 talibus
1014 2246 1153 2287 aures,

216 2293 473 2343 Carminaque
505 2292 698 2331 Aonidum
729 2293 949 2343 iustamque
981 2292 1214 2343 probaverat
1243 2294 1361 2332 iram.

216 2351 316 2389 Tum
348 2363 482 2389 secum
516 2347 688 2389 ‘laudare
709 2362 847 2402 parum
880 2356 967 2401 est3
1000 2350 1202 2389 laudemur
1234 2356 1274 2390 et
1305 2353 1433 2404 ipsae,
