1554 2563
527 136 598 179 XI,
625 139 811 171 420-493
827 163 834 170 .
1023 150 1111 172 cnvx
1272 137 1358 179 229

135 246 219 292 Qua
250 258 390 285 rursus
422 247 500 285 visa
519 277 531 299 ‚
562 245 682 285 veluti
712 257 899 298 praesaga
930 246 1077 300 futuri,

134 304 298 344 Horruit
329 305 498 356 Alcyone
530 304 789 355 lacrimasque
822 306 951 344 emisit
981 305 1164 359 obortas,

134 363 424 415 Amplexusque
456 362 592 416 dedit,
623 364 806 414 tristique
838 365 1058 403 miserrima
1089 364 1247 404 tandem

46 429 114 462 460
135 421 212 461 Ore
246 419 359 461 ‘vale’
392 422 519 474 dixit,
550 422 796 474 collapsaque
830 435 996 474 corpore
1028 429 1110 462 toto
1142 429 1225 463 est.

134 482 204 520 Ast
233 483 394 520 iuvenes
413 512 425 533 ,
456 487 669 532 quaerente
701 493 832 520 moras
864 481 988 532 Ceyce
1007 513 1018 533 ,
1050 482 1247 521 reducunt

134 539 348 578 Ordinibus
379 541 546 591 geminis
578 540 625 578 ad
657 540 772 579 fortia
804 546 963 591 pectora
995 553 1150 593 remos,

135 598 374 649 Aequalique
406 600 488 638 ictu
520 598 707 638 scindunt
737 599 865 638 freta.
904 599 1064 638 sustulit
1094 599 1158 639 illa

134 656 321 696 Umentes
353 656 488 696 oculos
507 688 518 710 ,
551 663 797 708 stantemque
829 659 869 696 in
901 670 1032 710 puppe
1063 669 1229 697 recurva

45 723 113 754 465
135 716 413 767 Concussaque
445 728 563 755 manu
596 716 752 755 dantem
785 715 859 755 sibi
891 718 1001 768 signa
1032 718 1218 756 maritum

133 775 263 814 Prima
294 774 400 814 videt
431 775 638 826 redditque
670 781 812 814 notas:
843 774 912 814 ubi
944 781 1049 815 terra
1080 777 1246 815 recessit

134 833 305 885 Longius
324 865 335 886 ,
367 839 483 885 atque
516 833 620 873 oculi
651 840 855 885 nequeunt
886 846 1124 885 cognoscere
1156 834 1312 888 vultus,

134 892 235 931 Dum
266 892 358 931 licet
376 924 387 944 ‚
418 894 641 944 insequitur
671 894 887 943 fugientem
919 892 1066 932 lumine
1097 894 1258 944 pinum:

134 951 238 990 llaec
259 963 415 1002 quoque
436 957 481 990 ut
499 951 602 990 haud
627 957 802 1003 poterat,
828 953 952 1003 spatio
973 958 1190 1005 summota,
1215 951 1359 1004 videri,

47 1017 114 1049 470
134 1009 225 1049 Vela
257 1015 386 1049 tamen
419 1015 572 1061 spectat
603 1022 755 1049 summo
788 1010 980 1049 fluitantia
1011 1010 1135 1049 malo.

135 1068 184 1107 Ut
215 1080 287 1107 nec
319 1068 403 1107 vela
434 1068 568 1121 videt,
603 1080 767 1108 vacuum
798 1070 898 1120 petit
928 1070 1041 1108 anxia
1071 1068 1243 1122 lectum,

135 1127 263 1178 Seque
296 1133 383 1166 toro
415 1129 554 1179 ponit.
592 1133 755 1166 renovat
785 1127 990 1178 lectusque
1021 1126 1212 1178 locusque

134 1185 326 1237 Alcyonae
358 1186 537 1225 lacrimas
556 1217 567 1238 ,
598 1192 638 1225 et
669 1197 767 1236 quae
798 1198 890 1237 pars
909 1217 920 1237 ,
952 1185 1164 1238 admonet,
1196 1185 1320 1226 absit.

132 1244 318 1283 Portibus
352 1246 556 1297 exierant,
589 1250 628 1283 et
658 1250 833 1284 moverat
864 1256 958 1284 aura
990 1244 1204 1284 rudentes:

47 1310 113 1341 475
135 1303 314 1342 Obvertit
343 1303 456 1343 lateri
487 1302 706 1355 pendentes
738 1304 865 1342 navita
896 1315 1051 1355 remos,

134 1361 367 1413 Cornuaque
399 1364 441 1401 in
473 1373 624 1401 summa
655 1362 757 1401 locat
788 1361 928 1401 arbore
947 1393 958 1414 ,
989 1367 1148 1413 totaque
1182 1361 1281 1400 malo

135 1420 303 1460 Carbasa
335 1421 493 1460 deducit
524 1422 805 1471 venientesque
838 1421 980 1472 accipit
1011 1432 1149 1459 auras.

135 1480 212 1518 Aut
243 1480 372 1518 minus
391 1510 402 1531 ,
435 1484 502 1518 aut
532 1484 640 1518 certe
672 1479 844 1518 medium
876 1490 955 1517 non
987 1478 1153 1530 amplius
1185 1490 1333 1530 aequor

134 1537 270 1590 Puppe
303 1538 509 1577 secabatur
528 1569 539 1590 ‚
569 1537 762 1588 longeque
796 1543 880 1576 erat
910 1542 1078 1588 utraque
1110 1536 1250 1589 tellus,

48 1604 115 1636 480
137 1596 234 1636 Cum
266 1608 372 1636 mare
405 1596 478 1636 sub
511 1601 668 1635 noctem
699 1595 860 1635 tumidis
893 1595 1093 1635 albescere
1125 1597 1256 1648 coepit

135 1655 338 1695 Fluctibus
371 1661 411 1694 et
441 1667 630 1706 praeceps
663 1656 812 1706 spirare
843 1654 1036 1693 valentius
1069 1666 1213 1693 eurus.

137 1711 282 1753 ‘Ardua
313 1714 528 1753 iantludum
560 1713 752 1752 demittite
785 1725 932 1752 cornua
950 1710 977 1765 ‚'
1010 1718 1142 1752 rector

136 1772 285 1812 Clamat
316 1770 371 1813 ‘et
403 1773 595 1812 antemnis
627 1777 754 1811 totum
786 1771 1007 1811 subnectite
1038 1771 1168 1811 velum
1184 1768 1208 1809 .'

135 1831 208 1871 Hic
238 1831 377 1871 iubet:
408 1831 629 1883 impediunt
660 1830 844 1869 adversae
875 1832 982 1870 iussa
1012 1830 1233 1884 procellae,

47 1897 114 1929 485
135 1890 216 1930 Nec
248 1891 342 1930 sinit
372 1890 499 1929 audiri
530 1901 665 1929 vocem
697 1890 828 1940 fragor
859 1890 1042 1940 aequoris
1073 1888 1214 1928 ullam.

137 1949 284 2001 Sponte
316 1955 446 1988 tamen
478 1954 693 2001 properant
723 1947 787 1986 alii
819 1947 1040 1987 subducere
1072 1958 1228 1998 remos,

135 2008 231 2047 Pars
262 2009 417 2047 munire
448 2007 551 2047 latus
569 2039 581 2060 ‚
611 2019 703 2058 pars
734 2007 860 2045 ventis
892 2005 975 2044 vela
1006 2017 1174 2057 negare:

136 2066 271 2116 Egerit
302 2067 365 2106 hic
396 2067 540 2106 fluctus
559 2097 571 2119 ‚
602 2076 828 2116 aequorque
860 2064 1036 2103 refundit
1066 2065 1107 2102 in
1140 2075 1310 2116 aequor,

138 2125 210 2164 Hic
240 2127 344 2177 rapit
374 2131 605 2165 antemnas.
644 2135 743 2175 quae
775 2123 869 2162 dum
901 2124 986 2162 sine
1018 2122 1102 2173 lege
1135 2128 1352 2174 geruntur,

49 2191 117 2223 490
137 2185 285 2235 Aspera
317 2186 461 2223 crescit
491 2183 617 2223 hiems
635 2214 647 2236 ‚
678 2184 864 2233 omnique
891 2193 912 2220 e
943 2187 1055 2232 parte
1087 2180 1240 2219 seroces

136 2241 241 2281 Bella
272 2249 416 2294 gerunt
447 2244 553 2282 venti
584 2242 762 2292 fretaque
794 2239 1037 2291 indignantia
1068 2240 1257 2278 miscent.

137 2300 222 2352 Ipse
255 2307 398 2354 pavet,
430 2313 503 2340 nec
535 2312 577 2340 se
596 2332 607 2353 ,
639 2301 706 2352 qui
738 2301 789 2338 sit
821 2304 945 2338 status
964 2330 976 2351 ,
1006 2300 1090 2350 ipse
1122 2297 1269 2336 fatetur

139 2358 249 2399 Scire
279 2361 376 2399 ratis
407 2365 539 2399 rector
557 2390 569 2413 ,
600 2370 674 2398 nec
706 2357 799 2410 quid
831 2357 1010 2397 iubeatve
1028 2388 1040 2411 ,
1070 2361 1247 2396 vetetve:
