1554 2563
84 101 141 143 40
298 112 477 137 omunon
635 97 849 133 METAMM
861 126 869 134 .

203 210 336 261 Teque
367 222 415 249 ex
446 214 606 248 aeterno
638 209 849 260 patientem
881 207 1042 246 numina
1071 207 1208 247 mortis
1287 217 1320 242 f.
1339 216 1423 244 uu.

204 268 386 308 Efficient
403 300 414 321 ,
447 267 699 320 triplicesque
732 266 826 306 deae
857 271 924 305 tua
954 265 1018 305 fila
1047 262 1282 305 resolvent.'

104 335 183 367 -655
205 326 390 367 Restabat
421 326 510 366 fatis
542 325 716 377 aliquid.
760 325 933 376 suspirat
963 323 1010 363 ab
1042 325 1131 363 imis

202 384 435 425 Pectoribus
453 417 465 438 ‚
495 384 755 435 lacrimaeque
787 385 897 435 genis
928 382 1114 422 labuntur
1146 382 1330 435 obortae,

203 445 329 495 Atque
360 445 414 483 ita
445 440 730 496 ‘praevertunt'
762 443 891 493 inquit
920 438 998 480 ‘me
1031 442 1108 481 fata
1126 473 1137 494 ‚
1168 447 1358 493 vetorque

202 502 320 543 Plura
350 502 488 555 loqui,
518 503 703 553 vocisque
736 513 845 540 meae
876 500 1144 552 praecluditur
1175 511 1295 539 usus.

203 561 289 601 Non
322 562 478 601 fuerant
508 566 613 600 artes
645 561 771 612 tanti,
798 571 897 610 quae
929 560 1101 599 numinis
1133 559 1230 597 iram

116 627 183 660 660
205 620 445 660 Contraxere
475 619 600 672 mihi3
632 618 785 658 mallem
818 618 992 657 nescisse
1023 618 1177 657 futura.

204 680 284 719 Iam
313 678 410 719 mihi
441 678 608 718 subduci
639 678 758 717 facies
790 677 958 716 humana
989 676 1168 727 videtur,

204 737 283 777 Iam
314 737 427 777 cibus
458 736 579 776 herba
611 736 769 788 placet,
799 737 876 774 iam
906 735 994 774 latis
1026 746 1188 774 currere
1220 735 1367 786 campis

204 796 378 849 Impetus
410 802 498 836 est:
529 797 570 834 in
602 807 742 846 equam
774 799 1015 846 cognataque
1047 805 1212 844 corpora
1243 798 1397 832 vertor.

204 855 303 895 Tota
332 860 463 894 tamen
496 866 617 906 quare
636 851 659 892 ⁴?
689 858 801 905 pater
833 857 893 891 est
923 852 1018 891 mihi
1037 863 1178 903 nempe
1209 847 1427 891 biform1s.'

116 921 183 953 665
205 913 312 953 Talia
343 913 490 953 dicenti
519 924 611 964 pars
642 917 703 951 est
733 917 908 951 extrema
939 910 1135 962 querellae

206 972 407 1012 Intellecta
438 983 576 1024 parum
595 1002 606 1024 ,
638 971 880 1021 confusaque
912 968 1031 1008 verba
1062 969 1246 1008 suerunt:

205 1030 294 1070 Mox
325 1042 399 1070 nec
430 1029 549 1069 verba
570 1030 729 1081 quidem
746 1060 757 1082 ,
788 1040 862 1068 nec
882 1040 1005 1079 equae
1025 1039 1146 1067 sonus
1166 1027 1229 1066 ille
1249 1026 1404 1067 videtur
1418 1057 1429 1079 ‚

205 1089 282 1129 Sed
314 1088 534 1129 simulantis
566 1100 736 1139 equam:
767 1098 965 1138 parvoque
1002 1087 1043 1125 in
1081 1091 1258 1137 tempore
1298 1091 1428 1125 certos

203 1147 337 1187 Edidit
365 1148 542 1187 hinnitus
574 1153 614 1186 et
643 1146 825 1185 bracchia
857 1146 977 1184 movit
1006 1146 1048 1184 in
1079 1144 1246 1197 herbas,

117 1214 185 1247 670
205 1206 306 1246 Tum
337 1206 448 1258 digiti
479 1208 624 1245 coeunt
655 1210 694 1244 et
724 1206 866 1255 quinos
897 1203 1026 1255 alligat
1056 1215 1209 1254 ungues

203 1265 401 1317 Perpetuo
434 1276 558 1304 cornu
583 1263 679 1303 levis
712 1262 856 1314 ungula
875 1294 886 1314 ,
918 1262 1062 1301 crescit
1092 1268 1132 1300 et
1163 1262 1242 1300 oris

204 1323 254 1363 Et
285 1323 375 1362 colli
406 1324 604 1375 spatium3
635 1322 772 1373 longae
804 1333 894 1373 pars
927 1322 1092 1359 maxima
1123 1319 1246 1371 pallae

205 1381 333 1422 Gauda
366 1382 437 1434 fit,
468 1386 590 1433 utque
622 1382 707 1432 vagi
739 1381 868 1419 crines
899 1391 970 1431 per
1002 1378 1099 1417 colla
1130 1378 1328 1431 iacebant,

204 1440 250 1480 ln
281 1441 438 1481 dextras
472 1439 604 1479 abiere
635 1438 776 1478 iubas:
807 1439 1033 1490 pariterque
1065 1442 1204 1476 novata
1235 1442 1296 1476 est

113 1507 179 1539 675
200 1498 251 1539 Et
280 1511 355 1538 vox
387 1505 426 1538 et
456 1498 605 1538 facies.
644 1509 787 1537 nomen
820 1508 977 1548 quoque
1008 1500 1183 1535 monstra
1214 1495 1381 1534 dedere.

264 1557 429 1610 Flebat,
460 1568 653 1609 opemque
685 1562 793 1595 tuam
824 1555 972 1595 frustra
996 1554 1216 1605 Philyreius
1247 1553 1389 1606 heros,

204 1616 390 1669 Delphice
408 1647 419 1668 ‚
450 1614 638 1668 poscebat
657 1646 666 1654 .
710 1626 799 1654 nam
830 1625 904 1653 nec
935 1613 1162 1652 rescindere
1194 1613 1323 1663 magni

205 1674 314 1715 Iussa
344 1674 446 1714 Iovis
476 1680 634 1726 poteras
653 1705 664 1726 ,
695 1685 768 1712 nec
787 1704 798 1724 ,
830 1674 863 1711 si
894 1671 1120 1711 rescindere
1151 1683 1311 1722 posses,

208 1733 320 1773 Tunc
351 1732 489 1772 aderas
509 1763 518 1771 .
561 1731 649 1771 Elin
681 1731 952 1781 Messeniaque
983 1741 1073 1768 arva
1105 1728 1282 1768 colebas.

117 1799 185 1832 680
204 1791 305 1831 lllud
336 1796 421 1830 erat
451 1796 607 1842 tempus
625 1821 637 1842 ,
669 1801 745 1840 quo
778 1795 816 1828 te
848 1789 1020 1840 pastoria
1050 1787 1162 1839 pellis
1284 1796 1313 1823 ι.
1333 1795 1427 1824 xxm.

205 1850 320 1890 Texit
337 1880 349 1902 ‚
379 1861 558 1900 onusque
591 1849 665 1887 fuit
697 1847 878 1886 baculum
911 1846 1089 1885 silvestre
1121 1847 1328 1898 sinistrae,

205 1909 375 1949 Alterius
407 1907 539 1959 dispar
569 1907 744 1958 septenis
775 1905 904 1944 fistula
935 1905 1093 1944 cannis.

206 1967 386 2018 Dumque
418 1978 527 2005 amor
557 1971 619 2005 est
650 1976 797 2017 curae,
829 1964 922 2003 dum
953 1969 993 2002 te
1023 1969 1090 2002 tua
1115 1962 1244 2002 fistula
1263 1962 1430 2016 mulcet,

206 2025 469 2066 incustoditae
500 2023 629 2076 Pylios
661 2027 930 2063 memorantur
960 2023 1001 2060 in
1033 2033 1147 2072 agros

117 2093 185 2125 685
205 2085 451 2124 Processisse
482 2082 602 2122 boves
621 2114 630 2122 .
667 2081 772 2122 videt
801 2080 870 2120 has
901 2079 1095 2120 Atlantide
1120 2079 1218 2119 Maia
1287 2087 1318 2114 ε.
1336 2087 1426 2114 xxiv.

214 2146 363 2197 Natus,
396 2147 435 2181 et
459 2147 543 2181 arte
575 2152 644 2180 sua
677 2140 783 2180 silvis
816 2138 986 2178 occultat
1017 2137 1194 2178 abactas.

208 2201 396 2240 Senserat
420 2201 494 2239 hoc
525 2200 676 2239 furtum
707 2209 821 2238 nemo
839 2229 851 2251 ,
882 2198 958 2236 nisi
989 2202 1106 2236 notus
1137 2197 1178 2236 in
1207 2195 1273 2235 illo

207 2259 313 2298 Rure
346 2270 466 2297 senex
485 2290 496 2310 ,
527 2257 685 2298 Battum
715 2257 855 2296 vicinia
887 2261 968 2294 tota
998 2254 1208 2294 vocabant.

205 2316 343 2357 Divitis
372 2316 437 2356 hic
468 2316 588 2356 saltus
621 2315 868 2367 herbosaque
899 2325 1043 2366 pascua
1073 2312 1183 2352 Nelei

1545 2134 1554 2225 ἐ

1549 2225 1554 2268 ι.
