1554 2563
147 83 232 125 226
400 96 528 118 rannus
701 82 915 116 METAMM
928 108 936 117 .

325 193 433 239 Quae
465 191 557 230 dum
589 191 773 231 Lucifero
805 192 960 243 genitus
993 190 1177 230 miracula
1210 197 1342 230 narrat

266 251 321 290 De
354 258 537 290 consorte
569 263 640 289 suo
659 282 670 303 ,
702 262 821 289 0111511
855 250 1021 288 festinus
1055 249 1193 288 anhelo

268 309 429 348 Advolat
461 310 627 347 armenti
660 315 793 348 custos
826 308 1004 347 Phoceus
1037 308 1208 361 Anetor,

267 367 317 407 Et
349 365 483 407 ‘Peleu
503 399 514 420 ‚
545 366 694 406 Peleu!
727 379 887 417 magnae
920 366 990 405 tibi
1024 368 1185 406 nuntius
1218 366 1354 405 adsum

180 435 246 466 350
268 423 412 465 Cladis'
445 428 525 465 ait.
567 426 842 476 quodcumque
876 426 976 463 serat
994 456 1005 477 ,
1036 425 1147 464 iubet
1177 425 1294 464 edere
1326 424 1482 464 Peleus.

267 485 417 524 Pendet
449 491 488 524 et
519 486 602 536 ipse
635 490 742 523 metu
775 483 917 535 trepidi
949 483 1183 522 Trachinius
1215 485 1318 523 oris.

268 543 334 581 llle
367 543 518 583 refert:
551 540 691 582 ‘fessos
724 543 769 582 ad
802 542 916 581 litora
949 553 1067 581 curva
1098 543 1283 581 iuvencos

267 602 503 653 Appuleram
522 632 533 653 ,
564 601 692 640 medio
726 613 815 640 cum
849 600 914 639 Sol
947 600 1160 640 altissimus
1192 600 1288 639 orbe

267 661 436 700 Tantum
468 662 685 711 respiceret
703 692 714 712 ,
747 666 937 711 quantum
968 671 1177 711 superesse
1209 659 1381 712 videret3

181 727 247 758 355
267 719 441 770 Parsque
474 718 593 757 boum
625 718 740 757 fulvis
772 730 898 769 genua
930 717 1136 757 inclinarat
1167 718 1348 770 harenis,

268 777 529 828 Latarumque
562 779 693 816 iacens
726 788 883 828 campos
915 776 1116 827 spectabat
1147 788 1360 829 aquarum,

267 836 363 875 Pars
394 836 579 887 gradibus
611 836 732 875 tardis
764 835 856 874 illuc
888 834 1044 874 errabat
1074 841 1115 873 et
1144 834 1260 888 illuc,

268 895 369 933 Nant
401 894 464 933 3111
496 894 679 945 celsoque
710 895 858 933 instant
889 905 1009 945 super
1040 905 1210 944 aequora
1242 893 1364 932 collo.

267 953 427 1004 Templa
465 954 562 991 mari
602 952 770 992 subsunt
802 964 875 991 nec
906 963 1100 990 marmore
1133 951 1236 991 clara
1267 964 1340 992 nec
1372 963 1492 1004 auro,

180 1021 247 1052 360
269 1011 346 1051 Sed
376 1011 554 1050 trabibus
586 1011 717 1050 densis
749 1010 917 1061 lucoque
949 1010 1133 1050 umbrosa
1165 1016 1343 1051 vetusto:

268 1069 456 1109 Nereides
487 1069 719 1120 Nereusque
751 1074 916 1122 tenent3
947 1068 1019 1108 hos
1051 1071 1177 1108 navita
1208 1071 1320 1121 ponti

268 1128 398 1167 Edidit
431 1140 516 1167 esse
549 1128 642 1167 deos
661 1159 672 1180 ,
704 1127 797 1167 dum
829 1129 928 1166 retia
959 1127 1072 1167 litore
1105 1129 1247 1167 siccat.

268 1187 402 1226 11111013
433 1186 545 1238 palus
576 1186 668 1225 huic
700 1191 790 1238 est,
822 1186 953 1225 densis
987 1185 1145 1225 obsessa
1177 1186 1323 1227 salictis
1334 1218 1347 1240 ,

268 1246 392 1291 Quam
423 1246 685 1296 restagnantis
717 1245 811 1283 fecit
841 1245 958 1283 maris
990 1244 1094 1283 unda
1124 1244 1328 1296 paludem.

180 1304 361 1343 3651nde
394 1304 547 1354 fragore
579 1304 686 1354 gravi
718 1304 906 1354 strepitus
938 1302 1021 1341 loca
1052 1304 1229 1354 proxima
1260 1309 1408 1357 terret3

266 1362 386 1401 Belua
417 1368 522 1401 vasta
541 1393 552 1414 ,
584 1361 699 1412 lupus
732 1362 934 1412 mucisque
965 1360 1208 1412 palustribus
1239 1365 1320 1402 exit

269 1420 422 1460 Oblitus
454 1425 494 1459 et
525 1422 704 1471 spumis,
736 1431 947 1471 exspersus
980 1421 1168 1471 sanguine
1200 1421 1323 1461 rictus

268 1479 520 1531 Fulmineos‚
553 1478 672 1517 rubra
704 1479 878 1517 suffusus
909 1477 1055 1517 lumina
1086 1478 1262 1518 ssamma.

268 1538 343 1584 Qui
376 1549 610 1589 quamquam
642 1538 763 1575 saevit
792 1538 941 1588 pariter
973 1536 1159 1588 rabieque
1191 1539 1395 1591 fameque,

180 1607 246 1639 370
267 1597 404 1636 Acrior
436 1601 497 1635 est
527 1595 663 1634 rabie.
702 1607 829 1646 neque
862 1596 964 1634 enim
996 1597 1140 1635 101111113
1172 1603 1284 1635 curat

268 1655 394 1695 Caede
425 1654 545 1694 boum
577 1654 778 1705 diramque
812 1654 953 1692 samem
984 1654 1095 1693 finire
1115 1686 1126 1706 ‚
1157 1655 1225 1694 sed
1257 1668 1371 1695 omne

269 1714 454 1754 Vulnerat
483 1719 704 1752 armentum
722 1744 733 1764 ,
765 1714 984 1763 sternitque
1016 1712 1213 1752 hostiliter
1245 1726 1382 1754 omne.

268 1774 363 1812 Pars
396 1783 552 1824 quoque
585 1771 632 1810 de
663 1770 776 1810 nobis
808 1771 963 1810 funesto
996 1773 1127 1810 saucia
1158 1784 1316 1826 morsu,

270 1832 367 1871 Dum
400 1831 649 1870 defensamus
668 1861 679 1882 ,
710 1829 788 1868 leto
820 1834 881 1868 est
912 1829 1029 1868 data.
1068 1832 1258 1881 sanguine
1289 1832 1381 1871 litus

180 1900 245 1931 375
270 1890 455 1941 Undaque
487 1890 613 1940 prima
644 1887 761 1927 rubet
791 1887 1089 1939 demugitaeque
1122 1889 1305 1940 paludes.

269 1948 345 1987 Sed
378 1959 486 1986 mora
518 1947 702 1986 damnosa
734 1952 822 1999 est,
854 1958 927 1984 nec
958 1958 1023 1985 res
1055 1947 1233 1987 dubi-tare
1265 1950 1448 1989 remittit.

266 2007 367 2046 Dum
401 2011 582 2057 superest
612 2004 756 2056 aliquid
775 2036 787 2057 ‚
818 2006 949 2043 cuncti
982 2016 1164 2044 coeamus
1183 2037 1195 2059 ‚
1225 2013 1265 2046 et
1296 2020 1425 2061 arma5

266 2068 382 2105 Arma
415 2076 692 2116 capessamus,
724 2065 1011 2114 coniunctaque
1042 2064 1117 2103 tela
1149 2064 1360 2106 seramus?

267 2125 425 2164 Dixerat
456 2124 649 2174 agrestis.
688 2135 761 2162 nec
791 2121 907 2161 Pelea
939 2122 1076 2161 damna
1107 2124 1337 2165 movebant:

181 2192 247 2222 380
270 2183 376 2236 Sed,
408 2193 559 2221 memor
591 2182 778 2233 admissi,
810 2180 977 2219 Nereida
1010 2180 1156 2232 colligit
1187 2182 1323 2222 orbam

266 2242 411 2280 Damna
444 2253 512 2280 sua
544 2242 704 2280 inferias
737 2242 911 2279 extincto
943 2241 1099 2278 mittere
1132 2240 1287 2280 Phoco.

267 2299 434 2339 Induere
466 2311 571 2338 arma
600 2301 704 2339 viros
737 2299 981 2351 violentaque
1014 2310 1170 2338 sumere
1201 2299 1277 2339 tela
