1554 2563
147 108 228 151 138
387 123 539 145 ‘russeus
693 109 909 144 METAMM
923 136 930 145 .

260 218 458 258 Cerberon
492 220 679 272 attraxit3
709 219 842 259 rabida
875 221 939 270 qui
974 220 1152 258 concitus
1183 221 1242 258 ira

260 277 438 328 Implevit
467 279 615 328 pariter
646 280 770 316 ternis
802 277 1007 317 latratibus
1039 289 1154 317 auras

172 343 240 374 415
260 335 309 373 Et
340 337 484 387 sparsit
515 336 658 375 virides
691 338 840 388 spumis
872 335 1092 375 albentibus
1125 348 1262 387 agros.

258 393 336 432 Has
368 406 576 433 concresse
607 399 746 446 putant
766 427 777 447 ‚
811 401 1020 446 nactasque
1053 395 1234 433 alimenta
1266 395 1407 434 feracis

259 452 513 504 Fecundique
545 453 618 492 soli
647 455 750 492 vires
782 455 932 505 cepisse
965 453 1154 492 nocendi.
1333 461 1358 487 1-
1372 460 1480 488 cxviii.

261 511 368 557 Quae
401 513 489 562 quia
522 519 738 551 nascuntur
770 512 867 551 dura
904 513 1048 551 vivacia
1081 517 1218 564 caute,

259 570 445 621 Agrestes
477 572 629 609 aconita
660 576 801 609 vocant
820 602 828 609 .
868 582 911 609 ea
943 571 1122 621 coniugis
1154 576 1242 609 astu

172 629 349 680 4201pse
379 641 522 680 parens
554 629 708 680 Aegeus
741 635 830 668 nato
862 631 1039 680 porrexit
1070 635 1114 667 ut
1144 628 1271 668 hosti.

260 687 491 738 Sumpserat
521 689 655 738 ignara
686 687 862 726 Theseus
896 687 983 726 data
1015 687 1155 739 pocula
1188 687 1348 740 dextra,

260 745 358 785 Cum
389 752 500 797 pater
531 748 571 784 in
604 746 740 798 capulo
773 746 888 797 gladii
919 748 1101 798 cognovit
1131 745 1282 784 eburno

260 804 378 856 Signa
410 806 471 843 sui
504 807 659 856 generis
678 837 689 857 ‚
721 805 950 855 facinusque
983 805 1156 844 excussit
1187 804 1234 842 ab
1266 816 1359 844 ore.

258 863 406 914 Effugit
437 863 501 902 illa
533 875 671 902 necem
703 863 856 902 nebulis
887 875 959 914 per
990 864 1161 902 carmina
1193 864 1336 902 motis.

173 928 238 959 425
317 923 366 960 At
396 924 579 973 genitor,
611 934 844 973 quamquam
876 921 1043 960 laetatur
1074 922 1220 972 sospite
1253 926 1366 974 nato,

258 980 458 1019 Attonitus
490 987 620 1019 tamen
653 987 714 1019 est
744 983 881 1032 ingens
913 981 1138 1019 discrimine
1169 992 1287 1031 parvo

260 1038 460 1078 Committi
490 1040 666 1090 potuisse
698 1040 808 1078 nefas
828 1070 836 1078 .
875 1039 979 1077 fovet
1010 1038 1165 1089 ignibus
1197 1050 1306 1091 aras,

258 1097 566 1148 Muneribusque
599 1098 693 1136 deos
725 1097 889 1149 implet,
921 1099 1147 1147 feriuntque
1179 1109 1341 1136 secures

259 1155 365 1194 Colla
397 1161 527 1194 torosa
559 1156 678 1194 bourn
709 1158 929 1195 vinctorum
962 1168 1109 1194 cornua
1141 1157 1270 1195 vittis.

172 1221 240 1253 430
259 1214 398 1252 Nullus
430 1213 679 1253 Erechthidis
712 1215 837 1253 fertur
869 1214 1103 1253 celebratior
1134 1213 1200 1252 illo

258 1272 450 1311 Inluxisse
483 1272 566 1311 dies
586 1303 594 1311 .
633 1275 779 1323 agitant
810 1274 982 1311 convivia
1014 1278 1146 1323 patres

258 1330 309 1369 Et
340 1331 511 1369 medium
543 1330 681 1382 vulgus
707 1362 715 1369 .
754 1343 827 1370 nec
859 1343 937 1369 non
970 1336 1009 1369 et
1041 1331 1212 1369 carmina
1245 1332 1333 1369 vino

258 1389 463 1440 Ingenium
495 1390 660 1428 faciente
692 1395 838 1428 canunt
857 1420 865 1428 .
904 1386 957 1427 ‘te
975 1421 986 1441 ,
1018 1391 1183 1428 maxime
1215 1389 1394 1442 Theseu,

259 1447 395 1486 Mirata
427 1453 487 1486 est
517 1447 719 1486 Marathon
752 1444 894 1487 Cretei
936 1449 1124 1498 sanguine
1156 1449 1282 1487 tauri:

172 1514 239 1544 435
261 1506 451 1557 Quodque
484 1508 565 1544 suis
597 1518 762 1545 securus
793 1512 876 1545 arat
907 1505 1124 1557 Cromyona
1157 1506 1340 1558 colonus,

258 1564 402 1603 Munus
434 1577 611 1616 opusque
644 1571 755 1603 tuum
788 1572 848 1603 est
867 1596 875 1603 .
914 1564 1030 1603 tellus
1060 1563 1271 1616 Epidauria
1301 1577 1374 1617 per
1404 1571 1443 1604 te

260 1622 500 1674 Clavigeram
530 1623 627 1662 vidit
657 1622 818 1662 Vulcani
849 1622 1083 1662 occumbere
1114 1622 1288 1676 prolem3

258 1680 363 1720 Vidit
393 1687 433 1720 et
463 1683 641 1720 inmitem
673 1681 873 1733 Cephisias
905 1694 973 1720 ora
1004 1681 1269 1721 Procrusten:

260 1738 471 1791 Cercyonis
504 1740 625 1778 letum
656 1740 752 1778 vidit
783 1739 953 1779 Cerealis
984 1739 1168 1779 Eleusin.

171 1806 240 1838 440
260 1797 413 1837 Occidit
444 1797 507 1836 ille
541 1798 644 1836 Sinis
663 1829 673 1849 ‚
705 1800 855 1849 magnis
888 1798 984 1837 male
1017 1798 1165 1837 viribus
1197 1810 1316 1851 usus,

260 1856 336 1902 Qui
367 1861 521 1908 poterat
552 1868 714 1895 curvare
747 1856 877 1895 trabes
909 1863 949 1895 et
980 1856 1117 1907 agebat
1148 1856 1195 1895 ab
1226 1857 1304 1896 alto

259 1915 316 1953 Ad
348 1921 494 1954 terram
525 1914 601 1953 late
635 1927 839 1966 sparsuras
871 1927 1036 1965 corpora
1067 1916 1208 1966 pinus.

259 1974 385 2012 Tutus
417 1973 464 2012 ad
495 1973 738 2025 Alcathoen,
770 1973 946 2024 Lelegeia
979 1974 1160 2025 moenia,
1192 1973 1303 2012 limes

260 2032 483 2083 Composito
512 2031 674 2070 Scirone
706 2037 842 2083 patet:
873 2033 1097 2083 sparsisque
1130 2031 1291 2070 latronis

173 2098 238 2129 445
259 2091 382 2129 Terra
413 2096 528 2139 negat
560 2090 693 2129 sedem
712 2121 723 2142 ,
755 2090 887 2129 sedem
919 2095 1035 2140 negat
1065 2089 1221 2128 ossibus
1252 2089 1378 2129 unda:

259 2149 366 2195 Quae
399 2150 537 2187 iactata
568 2149 634 2187 diu
667 2149 793 2188 fertur
825 2148 987 2187 durasse
1018 2153 1191 2187 vetustas

257 2207 301 2246 In
322 2206 527 2258 scopulos3
548 2207 718 2258 scopulis
739 2219 880 2245 nomen
901 2206 1075 2245 Scironis
1108 2206 1286 2246 inhaeret
1305 2237 1314 2245 .
1340 2215 1371 2241 ¹.
1389 2214 1477 2242 cxix·

259 2264 301 2304 Si
331 2265 466 2304 titulos
498 2277 699 2316 annosque
731 2271 820 2304 tuos
852 2277 1058 2303 numerare
1090 2265 1279 2317 velimus,

258 2322 374 2362 Facta
398 2330 579 2375 premant
611 2335 733 2363 annos
753 2354 762 2362 .
799 2335 871 2375 pro
902 2329 940 2362 te
958 2354 970 2375 ,
1000 2323 1242 2376 fortissime,
1273 2328 1361 2362 vota
