1554 2563
126 113 179 157 '28
338 127 515 150 nunnus
669 112 882 148 METAMM
896 142 900 146 .

242 224 423 276 Quidque
454 226 566 265 furor
596 224 748 276 valeat,
780 224 953 263 Penthea
986 223 1103 263 caede
1135 225 1307 275 satisque

156 292 223 324 430
243 286 298 323 Ac
329 296 449 336 super
480 284 679 324 ostendit.
718 295 789 322 cur
821 295 898 322 non
931 282 1155 322 stimuletur
1188 289 1327 334 eatque

241 343 317 382 Per
348 350 510 395 cognata
542 345 623 382 suis
655 341 830 393 exempla
863 340 1063 381 furoribus
1094 340 1163 380 Ino
1176 338 1213 379 ’θ’

300 401 371 442 Est
400 403 461 441 via
491 401 651 441 declivis
683 402 837 440 funesta
869 399 1001 439 nubila
1032 406 1144 452 taxo,

242 461 357 500 Ducit
387 460 435 500 ad
465 461 639 500 infernas
671 473 743 512 per
774 465 880 499 muta
912 459 1063 498 silentia
1097 458 1233 498 sedes.

243 521 338 572 Styx
369 520 530 559 nebulas
562 519 713 558 exhalat
743 521 850 558 iners
868 550 880 571 ‚
911 517 1151 569 umbraeque
1183 524 1363 557 recentes

154 587 221 622 435
242 579 496 618 Descendunt
519 578 607 618 illac
637 577 922 629 simulacraque
955 577 1090 616 functa
1119 576 1360 629 sepulchris.

240 638 370 678 Pallor
401 638 604 689 hiemsque
635 642 771 676 tenent
802 636 876 676 late
908 636 992 675 loca
1024 641 1162 674 senta.
1200 638 1367 688 novique

243 697 328 744 Qua
359 698 411 736 sit
440 699 516 736 iter
534 729 546 749 ‚
577 708 710 736 manes
729 727 740 749 ,
773 695 943 747 Stygiam
976 706 1051 745 qua
1082 693 1199 733 ducat
1230 695 1275 734 ad
1303 694 1463 749 urbem,

242 756 455 808 Ignorant,
486 755 555 795 ubi
587 757 637 794 sit
666 756 769 806 nigri
801 755 882 794 sera
913 756 1020 805 regia
1045 752 1164 793 Ditis.

242 815 344 855 Mille
377 827 496 866 capax
528 813 655 853 aditus
688 819 727 853 et
757 818 911 865 apertas
942 812 1116 863 undique
1147 818 1281 864 portas

155 884 223 916 440
243 873 345 914 Urbs
376 873 495 913 habet
514 905 523 912 .
562 879 683 925 utque
717 873 862 911 fretum
893 871 941 911 de
973 877 1053 910 tota
1085 870 1244 910 [lumina
1277 878 1406 924 terra,

244 933 309 973 Sic
340 944 475 972 omnes
508 933 655 971 animas
686 931 795 970 locus
822 931 963 982 accipit
993 929 1086 982 ille,
1119 943 1191 969 nec
1223 930 1291 970 ulli

242 992 416 1043 Exiguus
447 991 592 1043 populo
624 996 713 1043 est,
745 989 946 1029 turbamve
979 988 1167 1028 accedere
1199 991 1341 1029 sentit.

243 1051 388 1090 Errant
418 1061 635 1102 exsangues
667 1051 751 1089 sine
784 1060 949 1101 corpore
981 1053 1022 1088 et
1052 1047 1207 1087 ossibus
1237 1048 1423 1102 umbrae,

242 1110 418 1160 Parsque
450 1110 579 1148 forum
615 1107 844 1159 celebrant,
876 1119 966 1159 pars
998 1107 1066 1146 imi
1096 1112 1198 1146 tecta
1231 1109 1406 1161 tyranni,

157 1178 223 1209 445
243 1169 340 1208 Pars
371 1168 520 1219 aliquas
553 1174 657 1207 artes
676 1199 686 1219 ,
718 1169 899 1217 antiquae
931 1166 1145 1205 imitamina
1176 1167 1298 1206 vitae.

157 1236 224 1267 447
247 1227 424 1267 Sustinet
455 1229 513 1266 ire
545 1227 636 1266 illuc
669 1225 826 1265 caelesti
859 1225 951 1264 sede
982 1223 1142 1278 relicta,

243 1287 412 1325 Tantum
443 1284 542 1324 odiis
573 1286 733 1336 iraeque
765 1283 908 1335 dabat,
936 1283 1119 1323 Saturnia
1150 1282 1270 1323 Iuno.

244 1345 330 1391 Quo
362 1344 478 1383 simul
508 1345 696 1396 intravit,
728 1354 918 1393 sacroque
951 1354 971 1380 a
1004 1354 1168 1393 corpore
1200 1354 1381 1394 pressum

157 1412 224 1444 450
244 1404 439 1455 Ingemuit
468 1402 586 1442 limen
605 1435 616 1455 ,
647 1404 721 1441 tria
753 1401 949 1441 Cerberus
981 1400 1120 1440 extulit
1151 1412 1219 1440 ora

244 1462 291 1501 Et
322 1467 404 1500 tres
435 1461 598 1500 latratus
630 1460 743 1500 simul
776 1460 898 1499 edidit
916 1490 924 1499 .
962 1459 1027 1499 illa
1058 1471 1215 1499 sorores

244 1521 366 1560 Nocte
398 1527 509 1559 vocat
539 1521 688 1572 genitas
707 1551 718 1572 ‚
750 1531 865 1571 grave
898 1524 938 1558 et
967 1518 1196 1570 inplacabile
1228 1531 1397 1559 numen:

245 1579 422 1619 Carceris
453 1584 542 1618 ante
574 1579 678 1618 fores
710 1578 860 1617 clausas
892 1577 1094 1616 adamante
1126 1577 1338 1631 sedebant,

244 1637 421 1689 Cumque
451 1639 533 1677 suis
565 1643 670 1677 atros
700 1637 910 1689 pectebant
941 1635 1116 1675 crinibus
1148 1648 1316 1688 angues.

159 1704 224 1737 455
246 1697 372 1742 Quam
403 1696 519 1735 simul
550 1702 746 1748 agnorunt
777 1697 879 1734 inter
912 1695 1086 1745 caliginis
1117 1695 1301 1748 umbras,

245 1755 462 1794 Surrexere
495 1755 619 1795 deae:
651 1754 763 1794 sedes
797 1753 992 1793 Scelerata
1024 1760 1206 1793 vocatur.

244 1813 401 1853 Viscera
432 1813 645 1865 praebebat
675 1813 808 1864 Tityos
840 1812 1015 1851 lanianda
1034 1844 1045 1865 ‚
1078 1824 1294 1863 novemque

244 1872 449 1924 Iugeribus
481 1872 675 1911 distentus
701 1877 811 1911 erat.
850 1871 920 1910 tibi
938 1903 949 1923 ,
981 1870 1141 1910 Tantale
1159 1903 1170 1923 ,
1202 1871 1328 1910 nullae

244 1930 549 1983 Deprenduntur
570 1942 692 1982 aquae
711 1944 721 1981 3
753 1941 930 1981 quaeque
950 1931 1151 1981 imminet,
1171 1931 1306 1981 effugit
1325 1929 1461 1970 arbos.

158 1998 225 2030 460
245 1990 322 2029 Aut
352 1991 453 2041 petis
472 2021 484 2041 ,
515 1995 581 2029 aut
612 2000 757 2040 urgues
789 1990 987 2028 ruiturum
1006 2020 1017 2041 ‚
1049 1987 1213 2040 Sisyphe
1232 2020 1243 2040 ,
1276 2000 1431 2028 saxum.

244 2048 419 2087 Volvitur
450 2048 558 2087 Ixion
591 2054 630 2087 et
661 2059 702 2086 se
735 2049 990 2098 sequiturque
1022 2047 1222 2098 fugitque.

246 2107 450 2158 Molirique
483 2108 565 2146 suis
595 2107 716 2146 letum
748 2105 991 2157 patruelibus
1024 2117 1140 2144 ausae

247 2166 432 2204 Assiduae
466 2171 650 2217 repetunt
681 2176 777 2215 quas
808 2163 1001 2216 perdant,
1032 2163 1185 2203 Belides
1218 2163 1362 2203 undas.

247 2223 354 2269 Quos
385 2236 521 2262 omnes
553 2225 634 2263 acie
666 2230 873 2275 postquam
904 2222 1086 2261 Saturnia
1116 2229 1224 2262 torva

160 2289 225 2321 465
244 2281 377 2334 Vidit,
409 2287 449 2321 et
480 2288 567 2321 ante
600 2293 735 2320 omnes
767 2281 899 2320 Ixiona
917 2312 927 2333 ,
960 2292 1099 2320 rursus
1131 2281 1177 2320 ab
1209 2280 1274 2319 illo

247 2339 440 2390 Sisyphon
472 2341 664 2392 aspiciens
699 2338 785 2378 ‘cur
814 2339 878 2378 hic
909 2351 931 2378 e
963 2336 1164 2378 fratribus'
1196 2340 1323 2389 inquit
