1554 2563
102 100 157 141 22
311 112 493 135 rum-raon
647 97 861 133 METAMM
875 124 885 134 .

220 210 310 249 Sole
341 215 497 248 satum.
536 209 570 247 si
600 209 688 247 ficta
720 208 889 260 loquor,
921 212 1038 258 neget
1067 208 1151 259 ipse
1184 206 1393 246 videndum

220 269 270 308 Se
302 268 397 307 mihi
415 298 426 319 ,
458 268 586 318 sitque
617 266 741 306 oculis
773 266 838 305 lux
869 268 943 305 ista
975 267 1184 305 novissima
1214 267 1383 305 nostris.

218 327 298 366 Nec
329 326 469 377 longus
499 326 646 377 patrios
678 324 787 364 labor
819 330 880 364 est
909 324 980 364 tibi
1011 336 1127 363 nosse
1158 330 1342 375 penateS.

217 385 329 424 Unde
360 385 485 424 oritur
504 415 515 436 ‚
546 384 684 423 domus
716 389 777 423 est
818 388 946 422 terrae
983 384 1226 422 contermina
1257 387 1435 422 nostrae.

134 452 199 483 775
221 444 262 483 Si
293 442 407 482 modo
440 443 518 481 sert
537 444 689 481 animus
708 473 718 494 ,
749 442 913 494 gradere
931 473 943 493 ‚
975 447 1014 480 et
1033 440 1225 480 scitabere
1246 440 1292 479 ab
1311 441 1396 493 ipso
1412 438 1436 480 ‚⁹

218 502 370 541 Emicat
400 501 594 552 extemplo
626 500 750 540 laetus
782 506 871 551 post
901 500 991 538 talia
1022 501 1157 539 matris

218 560 328 600 Dicta
360 571 453 598 suae
477 559 679 598 Phaethon
710 564 751 598 et
782 559 954 610 concipit
978 558 1134 597 aethera
1167 564 1320 611 mente,

217 619 508 669 Aethiopasque
541 630 633 657 suos
664 619 891 669 positosque
924 616 997 656 sub
1029 616 1185 667 ignibus
1217 616 1332 656 Indos

219 677 393 717 Sidereis
424 677 565 716 transit
590 678 818 728 patriosque
850 675 929 714 adit
960 677 1126 726 impiger
1158 682 1291 714 ortus.

489 929 672 984 LIBER
709 927 1027 983 SECUNDUS
1047 967 1059 978 .

219 1029 338 1081 Regia
371 1028 471 1068 Solis
504 1034 588 1067 erat
619 1026 852 1067 sublimibus
883 1026 958 1066 alta
983 1026 1200 1079 columnis,

220 1087 331 1127 Clara
362 1088 529 1127 micante
562 1098 656 1125 auro
689 1085 940 1136 flammasque
972 1086 1148 1124 imitante
1179 1095 1351 1136 pyropor,

221 1146 341 1186 Cuius
374 1146 472 1185 ebur
504 1144 670 1184 nitidum
702 1144 854 1195 fastigia
886 1155 1036 1182 summa
1067 1142 1247 1195 tegebat,

220 1205 382 1256 Argenti
412 1204 559 1243 bifores
591 1202 793 1242 radiabant
822 1202 969 1241 lumine
1000 1201 1153 1241 valvae.

180 1273 199 1302 5
218 1264 420 1302 Materiam
451 1261 662 1313 superabat
691 1273 790 1312 opus
810 1291 819 1299 .
856 1272 945 1299 nam
977 1259 1167 1299 Mulciber
1199 1259 1277 1298 illic

219 1323 400 1372 Aequora
431 1321 598 1360 caelarat
628 1319 774 1359 medias
807 1320 1001 1369 cingentia
1032 1324 1158 1357 terras

219 1381 511 1431 Terrarumque
543 1378 678 1417 orbem
711 1377 939 1428 caelumque
958 1409 968 1429 ‚
1000 1376 1103 1427 quod
1122 1377 1301 1415 imminet
1332 1375 1439 1416 orhi.

222 1438 430 1478 Caeruleos
462 1437 580 1476 habet
610 1437 714 1476 unda
746 1436 840 1475 deos
859 1467 870 1488 ,
901 1435 1062 1474 Tritona
1095 1447 1305 1487 canorum,

219 1497 440 1548 Proteaque
472 1496 696 1547 ambiguum
715 1526 727 1547 ‚
758 1493 1102 1544 ballaenarumque
1133 1498 1375 1545 prementem

160 1566 202 1597 10
221 1558 423 1607 Aegaeona
455 1557 537 1594 suis
568 1555 749 1593 immania
779 1558 890 1604 terga
919 1552 1100 1605 lacertis,

220 1614 442 1665 Doridaque
474 1619 514 1652 et
543 1618 653 1653 natas
672 1644 683 1665 ,
716 1623 882 1663 quarum
912 1623 1002 1662 pars
1033 1622 1127 1649 nare
1158 1609 1335 1661 videtur,

221 1673 316 1712 Pars
347 1674 388 1711 in
420 1671 520 1711 mole
554 1671 695 1710 sedens
727 1669 870 1709 virides
903 1671 1051 1708 siccare
1083 1668 1266 1720 capillos,

221 1732 334 1771 Pisce
366 1730 454 1769 vehi
486 1729 704 1781 quaedam.
743 1729 862 1767 facies
894 1740 973 1766 non
1004 1726 1186 1766 omnibus
1217 1738 1317 1778 una,

222 1790 302 1829 Nec
334 1789 485 1828 diversa
517 1794 676 1840 tamen3
709 1786 862 1838 qualem
893 1786 1007 1825 decet
1037 1797 1124 1824 esse
1156 1797 1360 1823 sororum.

160 1858 202 1889 15
222 1849 344 1887 Terra
375 1848 480 1886 viros
511 1846 708 1897 urbesque
740 1846 841 1897 gerit
871 1844 1063 1895 silvasque
1095 1844 1277 1894 ferasque

222 1907 477 1957 Fluminaque
511 1911 550 1944 et
580 1904 769 1956 nymphas
801 1908 841 1942 et
871 1908 1002 1941 cetera
1026 1903 1187 1941 numina
1217 1902 1345 1940 ruris.

221 1966 326 2005 Haec
357 1977 477 2016 super
508 1965 677 2015 inposita
709 1968 770 2002 est
800 1960 896 2000 caeli
928 1961 1112 2012 fulgentis
1143 1961 1293 2011 imagO,

224 2024 419 2075 Signaque
452 2035 519 2062 sex
551 2021 702 2061 foribus
733 2020 911 2072 dextris,
942 2019 1183 2069 totidemque
1215 2018 1411 2058 sinistris,

224 2083 309 2128 Quo
342 2082 458 2121 simul
490 2080 633 2120 acclivo
667 2079 887 2130 Clymeneia
919 2077 1041 2116 limite
1073 2076 1204 2128 proles

160 2149 204 2181 20
223 2140 338 2179 Venit
369 2146 408 2179 et
437 2140 598 2179 intravit
629 2137 797 2177 dubitati
821 2141 923 2176 tecta
954 2137 1153 2187 parentis,

222 2199 408 2238 Protinus
440 2198 487 2237 ad
517 2198 666 2249 patrios
699 2208 768 2235 sua
800 2195 877 2234 sert
906 2195 1068 2245 vestigia
1098 2193 1228 2232 vultus

225 2257 490 2307 Consistitque
522 2254 690 2307 procul:
722 2265 850 2305 neque
882 2254 986 2292 enim
1017 2253 1201 2304 propiora
1232 2250 1382 2290 ferebat

224 2315 386 2355 Lumina
405 2345 414 2354 .
458 2325 658 2365 purpurea
689 2312 837 2351 velatus
868 2317 975 2351 veste
1007 2309 1165 2350 sedebat
