1554 2563
112 101 167 142 26
321 114 504 136 raam-non
658 101 874 136 METAMM
888 130 896 139 .

144 219 208 251 135
228 210 308 250 Nec
328 222 462 262 preme
482 242 493 264 ‚
524 222 598 250 nec
623 223 820 250 summum
840 211 977 251 molire
996 224 1068 264 per
1087 212 1245 252 aethera
1265 225 1447 254 cursum.

228 270 353 309 Altius
385 281 568 321 egressus
600 269 781 309 caelestia
813 275 915 309 tecta
947 270 1162 324 cremabis,

228 329 395 367 Inferius
426 334 580 368 terras:
612 328 739 367 medio
771 330 991 368 tutissimus
1022 329 1120 369 ibis.

227 387 312 426 Neu
342 392 381 426 te
413 387 610 426 dexterior
641 393 790 426 tortum
821 387 991 427 declinet
1022 388 1068 427 ad
1100 388 1300 442 Anguem,

228 446 332 485 Neve
364 446 584 484 sinisterior
614 458 791 497 pressam
823 452 907 485 rota
938 446 1056 486 ducat
1086 447 1133 486 ad
1164 447 1303 487 Aram:

145 505 335 544 1401nter
366 510 578 556 utrumque
610 510 728 545 tene.
766 504 962 544 Fortunae
994 510 1124 545 cetera
1155 507 1320 559 mando,

229 564 336 610 Quae
367 564 473 602 iuvet
503 569 543 602 et
573 563 713 602 melius
745 576 861 615 quam
892 569 936 603 tu
967 563 1039 603 tibi
1057 596 1069 617 ‚
1100 564 1279 604 consulat
1309 570 1424 616 opto.

228 622 328 661 Dum
358 621 528 675 loquor,
560 621 750 674 Hesperio
782 624 929 674 positas
961 624 1001 661 in
1032 622 1147 662 litore
1178 629 1302 662 metas

228 680 365 719 Umida
397 692 474 719 nox
506 682 662 731 tetigit.
700 693 779 719 non
812 686 871 720 est
901 693 1010 720 mora
1041 681 1163 720 libera
1195 681 1331 735 nobis3

226 740 462 779 Poscimur:
494 740 654 790 effulget
684 739 859 779 tenebris
891 752 1032 779 aurora
1063 741 1229 792 fugatis.

143 806 207 837 145
229 798 391 849 Corripe
422 797 504 836 lora
536 797 682 837 manu!
714 819 770 826 —-
801 798 890 849 vel,
918 800 950 837 si
982 798 1167 838 mutabile
1197 804 1337 850 pectus

227 857 299 896 Est
328 856 399 896 tibi
417 888 428 909 ,
461 856 633 896 consiliis
652 888 663 908 ‚
694 869 773 896 non
805 856 988 896 curribus
1019 862 1131 897 utere
1163 859 1333 910 nostris,

228 915 329 954 Dum
359 920 502 967 potes,
534 920 574 954 et
604 915 738 954 solidis
771 917 994 955 etiamnunc
1027 915 1186 955 sedibus
1218 921 1344 968 astas,

227 974 406 1025 Dumque
438 973 537 1013 male
570 979 723 1025 optatos
754 974 928 1014 nondum
964 976 1111 1026 premis
1148 976 1297 1014 inscius
1335 986 1448 1015 axes.

228 1033 335 1079 Quae
367 1037 476 1071 tutus
508 1038 662 1084 spectes
681 1064 692 1085 ,
723 1034 807 1072 sine
838 1045 901 1072 me
933 1033 1025 1072 dare
1056 1033 1203 1072 lumina
1233 1031 1390 1073 terr-isi'

142 1100 209 1132 150
229 1091 405 1143 Occupat
434 1091 498 1130 ille
530 1091 654 1130 levem
685 1091 853 1130 iuvenali
885 1103 1050 1143 corpore
1083 1104 1267 1145 currum,

227 1150 390 1201 Statque
422 1161 571 1201 super,
602 1149 859 1201 manibusque
892 1150 1000 1189 datas
1032 1152 1260 1202 contingere
1279 1150 1449 1191 habenas

228 1209 408 1261 Gaudet,
441 1214 480 1246 et
511 1209 631 1247 invito
664 1214 793 1259 grates
826 1210 904 1259 agit
934 1209 1024 1248 inde
1055 1211 1231 1260 parenti.

226 1267 380 1306 Interea
411 1267 590 1306 volucres
621 1266 759 1318 Pyrois
791 1273 831 1306 et
861 1267 967 1306 Eous
999 1273 1039 1306 et
1069 1267 1245 1320 Aethon,

228 1325 328 1364 Solis
361 1327 481 1378 equi,
513 1331 756 1376 quartusque
788 1325 960 1376 Phlegon
992 1325 1209 1365 hinnitibus
1241 1339 1355 1366 auras

141 1393 207 1424 155
227 1384 486 1423 Flammiferis
517 1384 680 1435 implent
710 1383 954 1435 pedibusque
986 1385 1170 1436 repagula
1200 1385 1379 1436 pulsant.

227 1443 334 1489 Quae
366 1449 573 1494 postquam
599 1442 744 1494 Tethys
762 1474 774 1494 ,
804 1443 974 1482 satorum
1005 1445 1140 1494 ignara
1171 1445 1349 1495 nepotis*

226 1501 440 1554 Reppulit,
472 1508 511 1540 et
543 1502 642 1540 sacta
673 1507 734 1540 est
764 1502 933 1540 inmensi
963 1503 1075 1553 copia
1105 1502 1264 1554 mundi,

228 1560 465 1611 Corripuere
490 1561 590 1598 viam
621 1559 866 1611 pedibusque
898 1572 970 1612 per
1001 1564 1091 1600 aera
1122 1562 1238 1600 motis

227 1619 437 1658 Obstantes
469 1618 655 1657 scindunt
685 1618 847 1657 nebulas
877 1620 1096 1670 pennisque
1128 1619 1243 1658 levati

142 1686 209 1718 160
227 1677 487 1716 Praetereunt
519 1683 626 1716 ortos
657 1677 782 1716 isdem
815 1677 862 1716 de
893 1677 1071 1729 partibus
1103 1677 1252 1716 Euros.

229 1736 305 1774 Sed
337 1736 420 1774 leve
452 1735 606 1787 pondus
638 1740 752 1788 erat,
783 1748 856 1775 nec
888 1736 991 1787 quod
1024 1748 1260 1787 cognoscere
1287 1745 1445 1788 possent

228 1794 328 1833 Solis
360 1795 481 1847 equi,
512 1794 704 1845 solitaque
736 1796 871 1845 iugum
901 1796 1089 1845 gravitate
1121 1794 1300 1835 carebat.

225 1852 355 1904 thue
386 1852 518 1892 labant
548 1865 690 1891 curvae
721 1853 824 1892 iusto
857 1854 942 1891 sine
971 1853 1146 1904 pondere
1178 1865 1295 1893 naves

225 1911 380 1962 Perque
412 1923 518 1950 mare
550 1910 751 1950 instabiles
781 1912 900 1950 nimia
930 1911 1086 1950 levitate
1117 1912 1325 1965 feruntur,

141 1977 206 2008 165
228 1969 292 2008 Sic
325 1982 444 2009 onere
477 1975 632 2009 assueto
664 1981 810 2008 vacuus
842 1969 908 2008 dat
937 1971 978 2009 in
1010 1973 1100 2009 aera
1131 1970 1253 2009 saltus

228 2028 536 2079 Succutiturqne
569 2028 644 2067 alte
676 2027 891 2079 similisque
924 2034 984 2067 est
1015 2040 1157 2067 currus
1188 2030 1316 2068 inani.

227 2087 340 2131 Quod
372 2087 534 2126 simulac
566 2098 726 2125 sensere
745 2117 756 2138 ,
787 2091 910 2125 ruunt
941 2088 1157 2138 tritumque
1189 2087 1418 2139 relinquunt

227 2145 456 2197 Quadriiugi
488 2146 657 2197 spatium
689 2157 762 2183 nec
800 2156 877 2195 quo
915 2146 1056 2197 prius,
1088 2145 1224 2184 ordine
1257 2153 1444 2186 currunt.

226 2203 312 2253 Ipse
344 2209 491 2255 pavet.
530 2215 603 2243 nec
636 2215 712 2254 qua
744 2204 971 2242 commissas
1002 2203 1133 2242 flectat
1164 2203 1358 2257 habenas,

139 2269 205 2300 170
224 2261 305 2300 Nec
337 2263 439 2313 scit,
472 2274 546 2313 qua
579 2263 630 2301 sit
660 2263 764 2313 iter3
796 2273 870 2300 nec
887 2292 899 2314 ‚
930 2263 963 2301 si
995 2263 1119 2313 sciat,
1151 2263 1319 2314 imperet
1346 2262 1445 2303 illis.

224 2318 325 2359 Tum
355 2322 526 2372 primum
556 2319 675 2359 radiis
706 2319 823 2371 gelidi
855 2319 1010 2359 caluere
1041 2320 1206 2361 Triones
