1554 2563
505 94 614 138 XIII,
641 92 844 129 960—XIV
858 120 867 137 ,
893 96 936 128 59
953 120 960 128 .
1076 105 1203 128 schLA
1316 93 1401 136 283

180 202 261 243 Nec
292 202 473 242 medeare
505 202 599 242 mihi
631 214 824 254 sanesque
856 202 952 242 haec
982 202 1173 256 vulnera,
1204 203 1368 256 mando,

180 262 354 313 Fineque
387 261 442 301 nil
472 273 571 313 opus
604 266 693 301 est:
724 267 877 313 partem
909 262 1009 300 ferat
1039 261 1103 300 illa
1135 261 1274 301 caloris
1289 259 1313 301 .'

116 328 160 359 25
180 321 229 359 At
261 320 374 360 Circe
406 341 461 348 -—
494 331 623 371 neque
655 321 760 359 enim
791 319 956 359 flammis
987 319 1105 359 habet
1136 322 1264 372 aptius
1296 321 1373 360 ulla

179 378 338 418 Talibus
369 379 599 431 ingenium,
631 390 701 418 seu
733 391 849 418 causa
880 384 941 418 est
971 378 1088 418 huius
1119 380 1159 418 in
1191 381 1297 432 ipsa,

181 437 258 476 Seu
291 437 422 476 Venus
454 437 598 476 indicio
631 437 724 476 facit
753 437 828 476 hoc
860 438 1007 476 offensa
1037 443 1201 489 paterno
1234 459 1289 466 —

179 496 285 535 Talia
317 495 434 534 verba
465 496 616 536 refert:
649 493 804 535 ‘melius
837 508 1048 547 sequerere
1080 496 1276 535 volentem

180 554 468 606 Optantemque
500 554 635 593 eadem
653 586 664 607 ,
696 555 887 606 parilique
920 554 1102 606 cupidine
1135 561 1309 606 captam.

114 621 159 652 30
180 613 329 665 Dignus
361 625 447 652 eras
479 612 583 652 ultro
602 645 614 666 ‚
645 619 801 665 poteras
835 619 1020 664 certeque
1038 645 1050 666 ‚
1081 615 1234 665 rogari3

179 671 258 724 Et,
291 673 324 710 si
355 683 465 723 spem
498 671 654 710 dederis
672 704 683 724 ‚
715 672 811 711 mihi
842 671 959 711 crede
978 703 989 725 ,
1019 671 1221 723 rogaberis
1253 672 1379 712 ultro.

180 730 265 769 Neu
299 729 456 769 dubites
488 729 666 781 absitque
698 735 788 770 tuae
819 731 958 769 fiducia
991 730 1162 770 formae:

180 788 240 828 En
273 801 374 842 ego,
407 801 496 828 cum
528 788 599 827 dea
631 790 704 828 sim
723 821 734 841 ‚
765 789 877 828 nitidi
909 801 999 828 cum
1030 789 1106 828 filia
1139 789 1264 843 Solis,

180 847 360 886 Carmine
381 859 471 887 cum
491 853 643 886 tantum
661 880 671 900 ,
697 854 849 887 tantum
869 860 1024 899 quoque
1045 850 1218 899 gramine
1237 850 1404 901 possim,

116 914 158 944 35
181 905 231 945 Ut
261 912 328 945 tua
360 907 434 945 sim
452 938 464 959 ‚
494 918 614 945 voveo
635 937 643 945 .
682 912 935 958 spernentem
967 919 1109 958 sperne
1127 939 1139 959 ‚
1171 909 1353 958 sequenti

181 964 313 1004 Redde
344 966 450 1004 vices
467 996 480 1017 ‚
510 977 669 1016 unoque
701 965 797 1004 duas
830 965 1020 1004 ulciscere
1052 962 1193 1004 facto?

181 1023 286 1062 Talia
320 1025 527 1075 temptanti
559 1020 700 1075 ‘prius'
732 1025 861 1074 inquit
893 1021 948 1062 ‘in
979 1036 1150 1075 aequore
1182 1022 1358 1064 frondes'

181 1081 350 1121 Glaucus
383 1079 438 1121 ‘et
468 1083 508 1121 in
541 1083 704 1120 summis
737 1088 949 1121 nascentur
980 1082 1180 1121 montibus
1211 1083 1341 1136 algae,

182 1140 336 1192 Sospite
370 1152 485 1191 quam
518 1139 644 1192 Scylla
675 1142 801 1179 nostri
832 1146 1035 1180 mutentur
1066 1152 1219 1180 amores
1234 1138 1258 1179 .'

116 1207 161 1238 40
181 1198 382 1250 Indignata
414 1199 485 1238 dea
516 1205 605 1238 est:
637 1204 676 1238 et
706 1198 861 1238 laedere
895 1204 1087 1250 quatenus
1118 1201 1247 1251 ipsum

181 1257 267 1296 Non
297 1262 481 1310 poterat,
513 1269 587 1296 nec
618 1257 734 1296 vellet
765 1269 897 1296 amans
915 1290 927 1311 ,
958 1259 1142 1297 irascitur
1173 1258 1252 1311 illi,

182 1316 288 1361 Quae
322 1315 396 1355 sibi
427 1315 599 1367 praelata
630 1321 720 1356 est:
750 1315 993 1367 Venerisque
1025 1317 1173 1356 offensa
1204 1316 1382 1369 repulsa,

180 1375 365 1414 Protinus
397 1374 607 1413 horrendis
638 1375 796 1413 infamia
827 1374 968 1426 pabula
1000 1376 1105 1414 sucis

181 1433 359 1472 Conterit
389 1438 429 1472 et
459 1434 565 1472 tritis
596 1432 780 1472 Hecateia
812 1435 984 1472 carmina
1014 1434 1172 1486 miscet,

117 1500 160 1530 45
183 1491 426 1542 Caerulaque
457 1491 636 1530 induitur
667 1491 885 1544 velamina,
916 1503 1066 1543 perque
1098 1492 1272 1531 ferarum

180 1551 329 1602 Agmen
360 1549 585 1589 adulantum
617 1549 744 1588 media
774 1549 954 1601 procedit
984 1549 1030 1589 ab
1063 1550 1171 1603 aula,

182 1608 494 1660 Oppositumque
526 1616 666 1660 petens
699 1615 837 1647 contra
867 1607 1044 1647 Zancleia
1075 1621 1165 1648 saxa

182 1667 391 1720 Rhegion,
423 1666 644 1718 ingreditur
677 1667 875 1706 ferventes
906 1666 1080 1706 aestibus
1112 1667 1261 1722 undas,

183 1726 225 1764 ln
258 1725 401 1776 quibus
434 1732 478 1764 ut
508 1725 630 1765 solida
660 1726 772 1777 ponit
801 1727 965 1777 vestigia
996 1731 1126 1778 terra,

118 1792 162 1824 50
183 1784 421 1835 Summaque
454 1784 630 1823 decurrit
659 1783 826 1835 pedibus
857 1797 977 1836 super
1008 1796 1178 1836 aequora
1211 1786 1346 1825 siccis.

182 1843 331 1882 Parvus
364 1848 447 1882 erat
479 1854 622 1893 gurges
641 1874 652 1895 ,
684 1854 826 1881 curvos
858 1845 1036 1882 sinuatus
1067 1845 1108 1882 in
1140 1855 1279 1897 arcus,

183 1901 300 1940 Grata
332 1903 444 1952 quies
478 1901 657 1952 Scyllae:
689 1913 765 1951 quo
799 1913 841 1940 se
873 1901 1070 1940 referebat
1101 1900 1147 1940 ab
1180 1908 1291 1941 aestu

182 1959 232 1998 Et
263 1961 382 1999 maris
415 1965 454 1998 et
486 1959 612 2011 caeli,
644 1959 773 1998 medio
806 1971 896 1998 cum
927 1959 1122 2010 plurimus
1154 1959 1249 1999 orbe

185 2017 251 2056 Sol
283 2024 367 2057 erat
398 2025 438 2057 et
469 2019 648 2056 minimas
675 2030 696 2056 a
727 2019 872 2056 vertice
905 2018 1054 2057 fecerat
1085 2017 1267 2058 umbras.

118 2084 162 2115 55
183 2076 297 2115 Hunc
329 2076 399 2115 dea
431 2077 665 2129 praevitiat,
695 2077 1033 2128 portentificisque
1066 2078 1227 2116 venenIs

183 2135 395 2186 inquinat:
426 2135 490 2174 hic
522 2135 631 2174 susos
662 2134 798 2174 latices
830 2135 960 2174 radice
992 2136 1150 2174 nocenti

185 2192 342 2245 Spargit
359 2225 371 2245 ‚
402 2199 442 2232 et
473 2192 686 2232 obscurum
718 2192 928 2233 verborum
960 2193 1120 2245 ambage
1151 2206 1342 2234 novorum

184 2250 262 2289 Ter
294 2253 455 2291 noviens
488 2263 646 2291 carmen
678 2253 827 2303 magico
860 2251 1130 2291 demurmurat
1162 2265 1254 2293 ore.

186 2308 313 2361 Scylla
343 2311 478 2350 venit:
509 2309 714 2362 mediaque
745 2317 860 2350 tenus
892 2310 1149 2350 descenderat
1179 2311 1286 2364 alvo,
