1554 2563
127 126 182 167 92
357 141 502 163 pensans
679 127 892 163 METAMM
907 155 914 162 .

160 244 224 276 135
244 235 423 276 Bactrius
438 237 706 290 Halcyoneus,
727 235 815 277 ‘hoc
827 269 839 291 ‚
859 237 962 289 quod
982 234 1145 289 premis'
1164 238 1292 290 inquit
1311 234 1467 278 ‘habeto

247 294 300 333 De
334 300 391 334 tot
422 297 525 348 agris
556 293 701 336 terrae'
733 308 956 348 corpusque
988 308 1183 348 exsangue
1216 295 1396 348 reliquit.

246 353 423 404 Torquet
453 356 493 393 in
524 354 630 395 hunc
661 355 813 394 hastam
844 354 967 394 calido
999 354 1047 394 de
1079 354 1240 394 vulnere
1272 361 1421 408 raptam

246 410 357 452 Ultor
387 412 621 453 Abantiades
639 445 651 467 ‚
682 413 809 452 media
841 425 939 464 quae
971 424 1064 452 nare
1096 419 1254 465 recepta

246 469 407 510 Cervice
439 477 573 511 exacta
604 478 692 524 est,
724 473 764 511 in
794 477 1006 526 partesque
1039 472 1185 510 eminet
1215 471 1369 512 ambas.

161 534 227 567 140
247 527 425 581 Dumque
445 542 604 571 manum
623 530 796 570 Fortuna
815 531 943 582 iuvat,
964 529 1208 582 Clytiumque
1231 530 1444 582 Claninque
1457 562 1470 583 ,

246 587 368 627 Matre
401 594 506 628 satos
537 601 614 628 una
633 621 644 641 ‚
676 589 829 629 diverso
855 588 1017 628 vulnere
1050 588 1175 628 fudit.

247 645 343 685 Nam
375 646 489 699 Clytii
520 660 591 700 per
622 653 835 699 utrumque
867 648 975 699 gravi
1006 646 1144 686 librata
1175 647 1321 686 lacerto

248 703 438 745 Fraxinus
470 712 554 746 acta
586 707 744 746 femur:
775 705 945 745 iaculum
977 704 1106 745 Clanis
1137 717 1205 744 ore
1238 707 1468 746 momordit.

248 761 402 803 Occidit
432 770 472 804 et
503 764 673 805 Celadon
705 764 959 804 Mendesius:
990 763 1134 803 occidit
1164 765 1351 817 Astreus,

162 827 227 858 145
247 821 369 861 Matre
400 822 617 863 Palaestina
635 855 647 876 ‚
678 822 796 862 dubio
829 824 1006 875 genitore
1038 828 1218 862 creatus:

248 880 491 933 Aethionque
524 894 639 934 sagax
672 881 866 933 quondam
899 887 1062 921 ventura
1093 881 1248 934 videre,

248 938 360 978 Tunc
392 952 460 980 ave
493 941 681 993 deceptus
714 941 837 980 falsa:
869 941 1051 991 regisque
1083 939 1275 979 Thoactes

248 997 426 1050 Armiger
444 1031 456 1052 ,
487 1004 527 1039 et
558 1011 671 1039 caeso
702 1000 880 1051 genitore
911 999 1065 1037 infamis
1097 999 1282 1050 Agyrtes.

249 1054 341 1095 Plus
361 1062 491 1097 tamen
511 1057 699 1097 exhausto
719 1063 901 1109 superest
919 1088 928 1096 .
961 1069 1127 1108 namque
1148 1056 1329 1097 omnibus
1350 1069 1469 1097 unum

165 1121 229 1152 150
250 1113 481 1167 Opprimere
514 1122 575 1155 est
605 1118 785 1156 animus.
824 1117 1025 1155 coniurata
1058 1115 1230 1167 undique
1262 1123 1436 1168 pugnant

251 1173 413 1225 Agmina
445 1187 516 1226 pro
549 1187 664 1214 causa
697 1176 881 1215 meritum
911 1175 1151 1225 inpugnante
1182 1174 1399 1226 fidemque.

250 1231 330 1271 Hac
362 1245 433 1285 pro
465 1239 575 1285 parte
607 1245 720 1272 socer
753 1234 898 1272 frustra
929 1233 1018 1284 pius
1049 1238 1089 1272 et
1119 1244 1218 1271 nova
1250 1234 1418 1272 coniunx

251 1290 347 1330 Cum
380 1294 578 1342 genetrice
611 1293 739 1331 favent
770 1290 998 1342 ululatuque
1030 1291 1125 1330 atria
1158 1290 1376 1343 complent.

251 1348 327 1388 Sed
360 1362 479 1389 sonus
512 1362 709 1391 armorum
742 1355 901 1401 superat
931 1350 1178 1401 gemitusque
1211 1349 1442 1402 cadentum,

165 1413 229 1445 155
249 1407 501 1460 Pollutosque
535 1409 653 1448 semel
686 1408 808 1448 multo
840 1407 997 1447 Bellona
1028 1413 1188 1459 penates

252 1465 448 1519 Sanguine
480 1468 682 1519 perfundit
712 1473 973 1517 renovataque
1004 1466 1152 1518 proelia
1184 1468 1344 1506 miscet.

251 1524 466 1565 Circueunt
496 1538 618 1565 unum
649 1525 821 1565 Phineus
853 1531 893 1564 et
923 1524 1026 1564 mille
1059 1526 1185 1564 secuti

249 1583 396 1624 Phinea
416 1616 425 1624 .
464 1584 538 1624 tela
571 1584 700 1623 volant
731 1583 893 1623 hiberna
924 1582 1111 1635 grandine
1142 1583 1255 1635 plura

250 1642 413 1682 Praeter
444 1649 656 1694 utrumque
688 1642 789 1682 latus
808 1648 1043 1694 praeterque
1064 1648 1103 1681 et
1121 1641 1253 1681 lumen
1274 1647 1314 1681 et
1332 1654 1447 1682 aures
1461 1672 1470 1682 .

167 1707 231 1738 160
250 1701 428 1753 Applicat
457 1701 549 1741 hinc
581 1713 739 1741 umeros
770 1700 816 1740 ad
848 1712 1009 1752 magnae
1040 1712 1131 1739 saxa
1157 1700 1384 1753 columnae,

250 1759 428 1810 Tutaque
460 1765 569 1812 terga
600 1772 742 1812 gerens
774 1759 1012 1810 adversaque
1044 1759 1084 1798 in
1115 1760 1268 1810 agmina
1298 1771 1435 1798 versus

252 1817 430 1857 Sustinet
460 1819 652 1857 instantes
672 1849 681 1857 .
719 1817 889 1857 instabat
919 1822 1029 1868 parte
1062 1818 1219 1856 sinistra

252 1876 475 1915 Chauonius
507 1876 683 1928 Molpeus
701 1907 713 1928 ‚
744 1876 879 1915 dextra
911 1874 1129 1915 Nabataeus
1161 1874 1377 1915 Ethemon.

251 1935 379 1986 Tigris
411 1940 455 1974 ut
486 1935 627 1974 auditis
659 1934 811 1973 diversa
841 1933 937 1973 valle
969 1934 1137 1973 duorum

167 1999 231 2031 165
251 1993 487 2033 Extimulata
519 1993 618 2032 fame
651 1992 864 2044 mugitibus
895 1997 1161 2032 armentorum

251 2051 414 2104 Nescit,
445 2057 534 2091 utro
566 2053 698 2104 potius
729 2057 846 2103 ruat,
877 2057 916 2090 et
949 2062 1064 2090 ruere
1097 2050 1208 2090 ardet
1239 2058 1432 2102 utroque:

253 2109 318 2149 Sic
349 2109 492 2149 dubius
523 2109 722 2161 Perseus,
754 2109 889 2149 dextra
921 2108 1075 2148 laevane
1108 2110 1257 2149 seratur
1275 2141 1287 2163 ,

251 2168 401 2220 Molpea
434 2170 587 2208 traiecti
619 2169 827 2207 summovit
858 2166 1018 2206 vulnere
1051 2169 1203 2220 cruris,

252 2226 547 2278 Contentusque
587 2227 674 2278 suga
713 2232 807 2266 est:
845 2237 973 2277 neque
1016 2227 1119 2265 enim
1156 2226 1221 2265 dat
1258 2232 1413 2278 tempus

1254 2284 1472 2336 Ethem0n3

164 2350 230 2384 270
252 2343 328 2382 Sed
361 2343 456 2382 furit
488 2350 556 2396 et,
588 2344 751 2395 cupiens
783 2342 860 2382 alto
892 2342 984 2382 dare
1010 2342 1171 2382 vulnera
1202 2342 1325 2395 cono,
