1554 2563
554 83 639 119 VIII
654 111 662 128 ‚
688 88 756 119 428
765 105 805 110 —
812 88 877 119 501
894 113 902 120 .
1016 98 1201 121 MELEAGEB
1323 86 1403 129 163

91 201 158 234 465
179 193 303 245 Saepe
335 200 442 233 metu
475 192 636 233 sceleris
666 193 866 246 pallebant
898 207 965 234 ora
997 197 1144 249 futuri,

180 252 304 303 Saepe
337 264 453 291 suum
484 252 640 291 fervens
673 253 797 292 oculis
830 252 944 292 dabat
975 255 1033 293 ira
1064 254 1274 307 ruborem3

177 310 227 350 Et
258 310 372 350 modo
405 312 537 350 nescio
571 310 664 362 quid
695 311 833 350 similis
866 312 1025 351 crudele
1058 315 1221 352 minanti

177 368 316 409 Vultus
348 375 461 421 erat,
492 369 607 408 modo
640 381 758 421 quem
789 371 970 409 misereri
1002 371 1164 411 credere
1196 385 1355 423 posses.

178 427 355 479 Cumque
387 428 496 467 ferus
528 427 708 467 lacrimas
741 430 859 467 animi
891 431 1106 469 siccaverat
1136 430 1276 484 ardor,

90 495 158 526 470
178 486 483 526 Inveniebantur
515 486 699 526 lacrimae
732 493 891 526 tamen.
930 493 1052 539 utque
1086 490 1239 542 carina,

178 545 302 592 Quam
335 550 474 584 ventus
505 551 700 597 ventoque
733 547 837 597 rapit
868 548 1089 586 contrarius
1120 554 1275 601 aestus,

177 604 263 643 Vim
294 605 487 655 geminam
520 605 667 657 sentit‘,
699 610 888 656 paretque
920 607 1070 645 incerta
1102 606 1281 646 duobus:

178 663 358 702 Thestias
390 662 493 702 haud
526 662 639 702 aliter
671 662 800 702 dubiis
832 663 1038 703 affectibus
1070 672 1198 718 errat,

179 721 338 773 Perque
370 723 475 760 vices
507 723 619 773 ponit
649 723 896 773 positamque
927 724 1139 762 resuscitat
1169 726 1285 763 iram.

90 787 158 819 475
178 779 321 832 Incipit
352 792 439 819 esse
471 786 601 819 tamen
633 780 772 820 melior
804 793 988 832 germana
1019 787 1205 835 parente,

179 838 248 889 [Et
279 840 589 890 consanguineas
621 844 666 878 ut
697 841 886 891 sanguine
918 839 1038 879 leniat
1068 840 1251 894 umbras,

179 897 380 949 Impietate
412 899 475 950 pia
507 903 595 938 est.
633 910 722 937 nam
752 904 960 950 postquam
991 899 1155 950 pestifer
1186 901 1287 951 ignis

179 956 383 996 Convaluit
400 988 410 1009 ,
444 953 578 1008 ‘rogus
609 957 684 996 iste
717 962 867 996 cremet
897 969 983 996 mea
1014 955 1180 997 viscera'
1213 959 1331 997 dixit.

178 1014 307 1066 thue
340 1027 456 1054 manu
489 1015 574 1054 dira
604 1014 754 1066 lignum
786 1016 899 1055 fatale
931 1015 1112 1069 tenebat,

93 1081 161 1113 480
181 1075 281 1113 Ante
313 1073 579 1125 sepulchrales
610 1074 747 1113 infelix
779 1076 902 1114 astitit
932 1086 1018 1113 aras
1031 1073 1061 1127 ‚]

181 1129 434 1172 ‘Poenarum'
468 1144 544 1184 que
577 1129 685 1171 ‘deae
718 1132 894 1184 triplices
913 1164 924 1185 ‚
956 1133 1161 1173 furialibus
1179 1130 1207 1186 ‚³
1238 1135 1367 1186 inquit

181 1188 434 1230 ‘Eumenides
453 1222 464 1243 ,
496 1192 618 1230 sacris
649 1190 781 1230 vultus
812 1191 1004 1231 advertite
1035 1198 1210 1231 vestros.

179 1249 357 1289 Ulciscor
388 1250 566 1301 facioque
599 1249 708 1289 nefas
728 1280 737 1289 .
774 1261 881 1289 mors
913 1256 1040 1289 morte
1072 1251 1212 1302 pianda
1244 1257 1327 1291 est:

179 1307 223 1347 In
254 1308 384 1348 scelus
415 1307 636 1347 addendum
668 1307 796 1348 scelus
828 1315 918 1360 est,
948 1310 989 1347 in
1021 1309 1160 1348 funera
1192 1310 1333 1349 funus:

93 1374 159 1405 485
187 1366 263 1406 Per
296 1372 545 1406 coacervatos
576 1372 712 1418 pereat
743 1367 882 1406 domus
914 1369 1032 1418 impia
1062 1367 1216 1408 luctus.

179 1429 237 1464 An
269 1425 362 1464 felix
393 1425 550 1464 Oeneus
582 1430 672 1464 nato
704 1427 853 1464 victore
885 1426 1064 1478 fruetur,

180 1483 368 1523 Thestius
399 1483 520 1523 orbus
552 1480 668 1523 erit?
698 1484 839 1523 melius
869 1483 1054 1535 lugebitis
1086 1484 1222 1524 ambo.

181 1542 255 1581 Vos
287 1542 401 1581 modo
421 1574 432 1594 ,
463 1543 627 1581 fraterni
658 1553 791 1581 manes
823 1544 1051 1593 animaeque
1084 1549 1288 1596 recentes,

182 1601 365 1640 Officium
398 1602 541 1640 sentite
574 1612 735 1653 meum,
766 1612 985 1652 magnoque
1016 1607 1170 1652 paratas

94 1668 161 1699 490
182 1661 356 1711 Accipite
390 1660 579 1698 inferias.
613 1658 736 1709 [uteri
766 1659 865 1698 mala
896 1661 1059 1711 pignora
1089 1662 1215 1699 nostri
1229 1659 1256 1711 .]

181 1717 226 1757 Ei
259 1717 382 1758 mihi!
416 1730 492 1769 quo
526 1719 657 1769 rapior
676 1715 698 1756 Ῥ
728 1718 869 1757 fratres
901 1719 1093 1769 ignoscite
1124 1718 1262 1758 matri!

180 1777 375 1816 Deficiunt
405 1777 452 1816 ad
473 1782 609 1828 coepta
642 1787 807 1815 manus.
846 1778 1039 1816 meruisse
1070 1777 1241 1816 fatemur

182 1835 323 1887 Illum,
355 1847 426 1874 cur
457 1841 621 1887 pereat:
659 1836 798 1874 mortis
830 1834 924 1874 mihi
956 1834 1137 1887 displicet
1168 1842 1326 1875 auctor.

181 1893 285 1945 Ergo
316 1897 463 1946 inpune
495 1894 596 1933 feret
614 1925 624 1946 ‚
656 1894 844 1944 vivusque
878 1899 917 1932 et
946 1895 1071 1932 victor
1103 1900 1142 1933 et
1172 1896 1256 1945 ipso

95 1959 161 1991 495
183 1952 378 1992 Successu
410 1952 584 1992 tumidus
616 1964 782 2004 regnum
815 1951 1019 2003 Calydonis
1051 1951 1233 2005 habebit,

182 2010 257 2050 Vos
288 2012 386 2050 cinis
419 2013 582 2063 exiguus
614 2010 841 2062 gelidaeque
873 2009 1050 2049 iacebitis
1082 2010 1280 2050 umbrae?

182 2068 294 2109 llaud
326 2069 509 2121 equidem
540 2071 694 2121 patiar.
733 2075 870 2121 pereat
900 2068 1138 2122 sceleratus,
1169 2076 1210 2109 et
1240 2069 1302 2108 ille

184 2127 379 2180 Spemque
411 2130 534 2180 patris
565 2129 755 2180 regnique
787 2127 915 2167 trahat
944 2129 1172 2179 patriaeque
1203 2129 1379 2168 ruinam.

181 2186 291 2226 Mens
321 2185 390 2226 ubi
420 2193 595 2226 materna
627 2192 688 2226 est
706 2184 728 2226 Ῥ
758 2186 826 2225 ubi
853 2193 945 2226 sunt
970 2187 1033 2238 pia
1052 2187 1138 2226 iura
1162 2184 1405 2239 parentum}>

95 2251 162 2284 500
183 2244 234 2284 Et
263 2257 362 2297 quos
394 2246 566 2285 sustinui
596 2244 657 2284 bis
688 2257 868 2284 mensum
900 2247 1074 2296 quinque
1105 2244 1293 2285 labores?

183 2302 215 2342 Ο
248 2305 397 2343 utinam
427 2305 565 2356 primis
597 2304 760 2343 arsisses
791 2302 947 2355 ignibus
977 2304 1128 2356 infans,

1052 2371 1122 2405 11*
