1554 2563
146 113 165 152 1
174 111 227 153 70
345 123 585 146 anvsrcu'rnou
695 109 910 144 METAMM
922 135 932 145 .

260 219 489 272 Interdum,
522 219 660 258 faciem
691 218 926 270 liquidarum
957 220 1132 258 imitatus
1164 231 1378 271 aquarum,

260 278 424 316 Flumen
456 289 542 316 eras
560 309 572 330 ‚
603 277 802 317 interdum
835 277 950 316 undis
982 278 1203 316 contrarius
1233 279 1357 329 ignis.

260 336 340 375 Nec
372 337 504 375 minus
535 336 713 388 Autolyci
745 338 945 389 coniunx,
975 335 1262 387 Erysichthone
1295 341 1407 389 nata,

260 395 361 433 Iuris
393 394 512 434 habet
532 426 540 434 .
578 400 690 446 pater
722 395 838 434 huius
872 400 984 447 erat,
1016 396 1083 446 qui
1115 396 1274 434 numina
1305 394 1435 434 divum

174 462 240 493 740
263 453 480 505 Sperneret
511 459 551 492 et
582 453 709 492 nullos
741 455 818 492 aris
851 453 1025 492 adoleret
1055 453 1249 492 honores.

260 511 326 550 Ille
359 513 476 551 etiam
509 511 667 552 Cereale
700 524 839 551 nemus
871 512 1033 551 violasse
1067 513 1197 551 securi

260 570 411 609 Dicitur
437 576 477 609 et
507 570 617 610 lucos
649 571 754 610 ferro
787 576 999 610 temerasse
1032 576 1230 610 vetustos.

261 628 395 668 Stabat
425 631 465 668 in
498 629 558 668 his
590 630 728 681 ingens
760 641 906 668 annoso
939 628 1081 668 robore
1114 641 1308 681 quercus,

261 687 344 726 Una
375 700 515 727 nemus
536 720 544 727 .
582 690 700 727 vittae
732 687 899 727 medIam
931 700 1205 739 memoresque
1237 686 1400 727 tabellae

172 753 238 785 745
260 746 453 797 Sertaque
486 746 722 799 cingebant,
753 748 832 785 voti
864 752 1092 798 argumenta
1122 748 1313 798 potentis.

260 805 384 856 Saepe
416 804 488 844 sub
520 805 592 844 hac
625 804 788 856 dryades
821 805 940 844 festas
972 804 1119 844 duxere
1152 805 1338 844 choreas:

260 863 384 915 Saepe
417 865 535 903 etiam
565 863 745 903 manibus
778 865 888 903 nexis
920 876 967 902 ex
999 863 1135 902 ordine
1169 864 1300 902 trunci

260 922 460 961 Circuiere
493 922 683 975 modum,
715 934 979 973 mensuraque
1011 921 1165 961 roboris
1196 922 1308 962 ulnas

261 981 443 1032 Quinque
477 986 537 1020 ter
568 980 782 1032 implebat.
820 993 893 1020 nec
925 993 1003 1020 non
1036 987 1076 1020 et
1107 986 1237 1020 cetera
1269 986 1378 1020 tanto

172 1047 240 1079 750
261 1039 364 1078 Silva
396 1038 469 1078 sub
500 1039 602 1093 hac,
634 1039 728 1078 silva
760 1045 905 1091 quanto
938 1040 1013 1078 fuit
1043 1039 1164 1078 herba
1195 1038 1268 1079 sub
1301 1041 1429 1078 omni.

259 1097 344 1136 Non
378 1103 507 1136 tamen
539 1098 688 1137 idcirco
721 1099 871 1137 ferrum
903 1097 1111 1150 Triopeius
1141 1098 1205 1137 illa

259 1155 485 1208 Abstinuit,
517 1156 761 1207 famulosque
793 1156 904 1196 iubet
934 1157 1137 1196 succidere
1170 1169 1326 1196 sacrum

260 1214 424 1254 Robur:
457 1221 496 1253 et
526 1221 570 1254 ut
601 1217 729 1254 iussos
762 1216 940 1255 cunctari
965 1215 1089 1268 vidit,
1121 1214 1168 1254 ab
1201 1227 1278 1254 uno

258 1272 390 1311 Edidit
421 1273 516 1312 haec
549 1280 658 1324 rapta
690 1273 904 1312 sceleratus
936 1273 1054 1312 verba
1086 1275 1240 1313 securi:

172 1339 239 1370 755
261 1329 377 1370 “Non
411 1331 551 1370 dilecta
582 1332 676 1370 deae
709 1332 835 1371 solum
854 1364 865 1384 ,
897 1332 965 1371 sed
998 1337 1037 1371 et
1066 1333 1150 1383 ipsa
1181 1332 1315 1372 licebit

260 1389 319 1428 Sit
350 1390 450 1442 dea,
482 1391 558 1429 iam
590 1396 722 1441 tanget
752 1390 960 1429 frondente
992 1392 1193 1430 cacumine
1224 1396 1370 1430 terram
1385 1387 1423 1430 .’'

259 1448 392 1501 Dixit,
424 1454 464 1487 et
495 1448 674 1499 obliquos
706 1449 799 1488 dum
831 1449 953 1488 telum
983 1448 1099 1488 librat
1129 1451 1169 1488 in
1202 1450 1303 1489 ictus
1313 1481 1325 1502 ,

260 1506 507 1546 Contremuit
537 1509 806 1559 gemitumque
837 1507 945 1547 dedit
975 1506 1094 1546 Deoia
1126 1519 1319 1559 quercus:

260 1565 309 1604 Et
339 1567 490 1617 pariter
522 1566 681 1605 frondes
699 1597 711 1619 ,
742 1567 890 1617 pariter
921 1566 1134 1617 pallescere
1166 1566 1326 1617 glandes

172 1631 239 1663 760
260 1623 434 1675 Coepere
466 1636 510 1663 ac
542 1624 647 1675 longi
678 1624 867 1676 pallorem
898 1624 1042 1664 ducere
1075 1627 1196 1664 rami.

261 1682 382 1722 Cuius
415 1688 459 1722 ut
489 1685 530 1722 in
561 1689 702 1722 trunco
735 1684 829 1722 fecit
859 1695 997 1722 manus
1029 1685 1147 1735 impia
1178 1683 1343 1736 vulnus,

262 1740 372 1780 Haud
405 1741 518 1780 aliter
549 1741 662 1781 fluxit
693 1741 871 1781 discusso
903 1743 1050 1781 cortice
1082 1743 1264 1795 sanguis,

260 1799 386 1845 Quam
418 1799 546 1852 solet,
578 1806 667 1839 ante
700 1812 787 1839 aras
817 1801 956 1852 ingens
988 1800 1056 1840 ubi
1087 1802 1242 1839 victima
1274 1806 1411 1840 taurus

260 1857 467 1911 Concidit,
498 1858 663 1910 abrupta
695 1871 814 1898 cruor
845 1871 866 1897 e
898 1860 1050 1898 cervice
1081 1859 1290 1910 profundi.

172 1924 238 1955 765
260 1916 495 1969 Obstipuere
528 1929 694 1957 omnes:
725 1917 943 1968 aliquisque
976 1929 1023 1956 ex
1055 1918 1236 1956 omnibus
1269 1918 1386 1957 audet

260 1975 469 2015 Deterrere
500 1977 609 2015 nefas
628 2007 640 2028 ‚
671 1988 901 2027 saevamque
932 1975 1110 2014 inhibere
1142 1976 1375 2027 bipennem.

260 2036 408 2086 Aspicit
433 2034 537 2073 hunc
555 2066 567 2087 ,
598 2031 788 2073 “mentis'
810 2046 885 2085 que
906 2031 1006 2085 ‘piae
1027 2046 1121 2085 cape
1141 2037 1312 2086 praemia
1326 2032 1368 2074 !''
1388 2035 1484 2074 dixit

260 2092 470 2132 Thessalus
488 2125 500 2145 ,
531 2094 650 2144 inque
682 2094 810 2132 virum
841 2094 1034 2132 convertit
1064 2092 1112 2131 ab
1144 2092 1283 2132 arbore
1310 2094 1485 2146 ferrum,

259 2150 552 2203 Detruncatque
585 2157 732 2204 caput;
763 2152 1008 2203 repetitaque
1042 2150 1184 2190 robora
1215 2152 1365 2205 caedit,

172 2218 239 2249 770
258 2210 449 2249 Redditus
480 2222 502 2249 e
534 2210 662 2249 medio
695 2222 816 2249 sonus
847 2215 908 2248 est
939 2221 1029 2248 cum
1060 2209 1203 2249 robore
1236 2210 1348 2250 talis:

259 2266 465 2319 “Nympha
497 2268 570 2307 sub
602 2268 677 2307 hoc
708 2280 781 2320 ego
812 2280 899 2307 sum
931 2267 1065 2307 Cereri
1105 2269 1325 2320 gratissima
1356 2268 1483 2322 ligno,

259 2326 367 2372 Quae
399 2326 469 2365 tibi
503 2328 695 2366 sactorum
726 2338 871 2378 poenas
903 2327 1049 2365 instare
1080 2333 1240 2366 tuorum
