1554 2563
599 151 632 186 V
650 180 659 196 ,
683 155 869 188 430—502
883 179 891 188 .
1062 165 1167 188 canes
1333 153 1413 194 101

197 261 333 302 Omnia
365 267 590 301 narrasset.
629 261 697 302 sed
729 268 768 302 et
799 274 843 302 os
875 268 915 302 et
944 262 1076 314 lingua
1107 262 1251 302 volenti

197 320 333 360 Dicere
365 333 443 360 non
475 320 663 373 aderant,
694 332 767 360 nec
799 333 876 372 quo
908 321 1166 375 loqueretur,
1197 320 1386 361 habebat.

197 378 313 431 Signa
345 384 474 418 tamen
506 380 711 418 manifesta
743 379 878 433 dedit,
910 386 1120 432 notamque
1150 381 1303 432 parenti

198 437 265 476 1110
298 439 400 477 sorte
430 437 516 477 loco
548 437 744 490 delapsam
774 439 815 477 in
847 440 1001 490 gurgite
1033 450 1144 478 sacro

109 504 175 535 4⁶10
196 496 467 548 Persephones
499 508 634 536 zonam
666 498 830 536 summis
862 497 1034 536 ostendit
1064 498 1104 536 in
1135 497 1274 536 undis.

196 554 321 601 Quam
351 555 467 594 simul
498 556 682 608 agnovit,
713 561 909 607 tamquam
940 561 1035 595 tunc
1067 556 1235 608 denique
1267 561 1416 607 raptam

197 613 344 653 Scisset
361 646 372 666 ‚
403 615 604 654 inornatos
634 613 792 654 laniavit
822 614 908 654 diva
940 613 1125 667 capillos,

194 671 244 712 Et
273 673 439 724 repetita
471 673 552 712 suis
583 674 782 724 percussit
811 680 971 725 pectora
1002 673 1162 724 palmis.

195 730 328 770 Nescit
358 731 514 784 adhuc,
546 730 614 770 uhi
645 733 726 771 sit:
757 737 883 771 terras
916 738 1045 771 tamen
1077 733 1255 783 increpat
1281 742 1415 770 omnes

107 797 173 828 475
195 790 446 841 ingratasque
478 795 590 829 vocat
625 802 698 830 nec
730 791 888 842 frugum
914 802 1077 830 munere
1110 790 1269 842 dignas,

194 848 437 887 Trinacriam
470 855 558 888 ante
590 848 712 902 alias,
743 851 784 889 in
816 861 892 900 qua
924 851 1084 901 vestigia
1116 849 1245 888 damni

194 907 383 959 Repperit
401 939 410 947 .
448 919 542 959 ergo
574 907 652 946 illic
684 919 797 947 saeva
827 909 1019 947 vertentia
1050 907 1205 959 glaebas

194 965 327 1018 Fregit
357 972 483 1005 aratra
516 978 633 1005 manu
651 998 663 1020 ‚
693 966 884 1018 parilique
915 968 1013 1006 irata
1045 966 1204 1005 colonos

195 1024 477 1076 Ruricolasque
510 1024 629 1063 boves
660 1024 737 1064 leto
770 1025 905 1078 dedit,
937 1036 1106 1076 arvaque
1137 1025 1252 1063 iussit

108 1092 174 1123 480
195 1083 343 1122 Fallere
376 1083 597 1135 depositum
615 1114 627 1136 ‚
658 1085 867 1134 vitiataque
899 1084 1047 1122 semina
1079 1083 1195 1122 Fecit.

196 1141 390 1182 Fertilitas
422 1148 551 1181 terrae
582 1142 703 1182 latum
734 1141 888 1194 vulgata
918 1154 989 1194 per
1021 1141 1157 1180 orbem

195 1201 305 1240 Falsa
335 1202 464 1240 iacet:
495 1201 632 1253 primis
664 1206 818 1252 segetes
849 1202 1073 1240 moriuntur
1098 1202 1139 1239 in
1169 1199 1327 1252 herbis,

194 1259 245 1299 Et
274 1259 389 1298 modo
421 1259 479 1298 sol
509 1260 654 1299 nimius
673 1291 684 1312 ,
714 1260 859 1299 nimius
890 1259 1005 1298 modo
1038 1259 1202 1311 corripit
1232 1258 1382 1310 imber3

197 1317 410 1370 Sideraque
442 1319 627 1369 ventique
659 1324 831 1370 nocent,
863 1318 1074 1369 avidaeque
1106 1317 1286 1357 volucres

110 1385 174 1417 485
197 1377 352 1416 Semina
383 1378 482 1416 iacta
513 1376 678 1429 legunt3
709 1376 843 1416 lolium
874 1376 1088 1428 tribulique
1121 1376 1281 1427 fatigant

196 1435 385 1475 Triticeas
417 1447 565 1475 messes
597 1441 637 1475 et
667 1434 966 1487 inexpugnabile
998 1446 1182 1486 gramen.

196 1493 297 1533 Tum
329 1500 446 1546 caput
476 1493 581 1532 Eleis
612 1493 793 1547 Alpheias
825 1493 965 1533 extulit
997 1493 1135 1545 undis,

196 1552 468 1603 Rorantesque
501 1564 631 1591 comas
661 1564 683 1591 a
714 1552 842 1591 fronte
874 1553 1040 1591 removit
1071 1550 1117 1589 ad
1150 1563 1289 1603 aures,

197 1612 323 1663 Atque
355 1612 409 1650 ait
441 1607 510 1649 “‘0
543 1615 625 1650 toto
658 1612 856 1662 quaesitae
887 1611 1049 1661 virginis
1081 1608 1176 1648 orbe

109 1678 177 1710 490
196 1669 246 1709 Et
277 1670 434 1721 frugum
466 1670 644 1721 genetrix
662 1700 674 1722 ‚
704 1670 904 1708 inmensos
936 1670 1030 1708 siste
1063 1667 1241 1719 labores,

196 1728 302 1768 Neve
333 1728 404 1767 tibi
436 1728 533 1767 fidae
566 1727 733 1767 violenta
764 1729 934 1766 irascere
967 1733 1120 1766 terrae.

197 1787 319 1826 Terra
351 1786 446 1826 nihil
478 1787 652 1839 meruit,
682 1788 885 1838 patuitque
917 1787 1035 1824 invita
1066 1786 1247 1837 rapinae.

198 1845 278 1885 Nec
309 1857 396 1885 sum
427 1857 498 1897 pro
530 1845 655 1897 patria
685 1844 873 1897 supplex:
903 1844 980 1883 huc
1012 1843 1165 1895 hospita
1195 1843 1305 1881 veni.

197 1903 286 1944 Pisa
317 1903 412 1943 mihi
442 1905 567 1955 patria
598 1908 688 1956 est,
718 1909 758 1943 et
789 1902 835 1942 ab
866 1901 976 1941 Elide
1009 1902 1188 1941 ducimus
1220 1906 1355 1940 ortus:

112 1970 178 2004 495
200 1962 393 2002 Sicaniam
424 1963 632 2014 peregrina
663 1961 777 2001 colo.
815 1960 883 2000 sed
915 1962 1062 2012 gratior
1094 1961 1200 1999 omni

198 2021 303 2060 Haec
333 2021 428 2060 mihi
454 2026 558 2060 terra
578 2020 661 2060 solo
682 2026 742 2059 est
761 2051 769 2058 .
807 2019 879 2058 hos
899 2031 1003 2058 nunc
1022 2018 1216 2057 Arethusa
1236 2022 1421 2071 penates,

199 2079 307 2119 Hanc
337 2079 462 2118 habeo
494 2078 652 2119 sedem:
683 2090 799 2130 quam
831 2084 873 2117 tu
891 2109 903 2131 ,
934 2078 1138 2116 mitissima
1156 2108 1168 2130 ,
1199 2088 1331 2115 serva.

198 2138 300 2177 Mota
332 2137 417 2177 loco
449 2150 521 2178 cur
552 2139 625 2178 sim
656 2139 831 2188 tantique
862 2148 933 2188 per
964 2136 1148 2186 aequoris
1180 2133 1303 2174 undas

199 2196 377 2236 Advehar
408 2195 608 2248 Ortygiam
626 2227 637 2249 ,
662 2197 793 2235 veniet
823 2193 1046 2233 narratibus
1077 2193 1173 2232 hora

114 2262 181 2296 500
200 2254 448 2306 Tempestiva
479 2256 576 2294 meis
594 2285 606 2307 ‚
637 2266 728 2294 cum
759 2260 802 2293 tu
834 2264 1006 2304 curaque
1037 2251 1161 2291 levata

199 2312 249 2352 Et
280 2313 410 2352 vultus
442 2313 615 2353 melioris
647 2314 754 2351 eris.
792 2311 887 2350 mihi
917 2311 1049 2363 pervia
1080 2310 1197 2350 tellus

198 2370 367 2411 Praebet
395 2372 473 2411 iter
490 2402 503 2425 ‚
533 2370 750 2424 subterque
781 2371 878 2410 imas
910 2369 1034 2409 ablata
1066 2380 1249 2408 cavernas
