1554 2563
143 131 228 174 308
349 142 574 166 ΡΥΤΗΑαοΒΑε
699 128 913 165 ΜΕΤΑΜΜ
923 156 933 165 .
977 118 983 121 λ

197 250 242 282 80
263 241 437 292 Eripitur
457 272 468 293 ,
498 252 572 279 nec
604 239 717 279 mella
748 240 872 291 thymi
902 238 1119 280 redolentia
1149 238 1246 278 flore

264 299 431 350 Prodiga
462 298 614 338 divitias
646 298 906 349 alimentaque
938 299 1046 337 mitia
1076 297 1193 337 tellus

264 358 449 409 Suggerit
475 362 591 408 atque
618 357 751 409 epulas
779 359 862 396 sine
889 356 1007 396 caede
1034 361 1073 396 et
1092 357 1280 407 sanguine
1300 355 1483 408 praebet.

265 416 390 456 Carne
423 416 528 454 ferae
561 415 699 455 sedant
728 417 873 455 ieiunia
892 447 903 467 ,
935 427 1008 454 nec
1039 421 1169 454 tamen
1201 427 1360 454 omnes.

266 475 420 527 Quippe
446 486 573 525 equus
598 479 638 513 et
662 474 834 526 pecudes
855 480 1107 525 armentaque
1128 475 1301 525 gramine
1327 474 1484 512 vivunt:

200 541 244 573 85
265 535 314 573 At
344 532 488 585 quibus
518 534 721 584 ingenium
758 539 818 572 est
854 534 1222 583 inmansuetumque
1255 532 1484 584 ferumque,

266 592 550 642 Armeniaeque
584 593 703 642 tigres
734 591 991 642 iracundique
1022 591 1180 639 leones,

266 651 442 702 Cumque
475 649 576 701 lupis
609 651 723 703 ursi,
754 649 918 701 dapibus
950 661 1040 688 cum
1071 650 1259 700 sanguine
1291 648 1482 700 gaudent.

265 709 351 749 Heu
383 714 572 760 quantum
604 708 732 747 scelus
763 716 824 747 est
855 709 895 746 in
926 710 1076 747 v1scera
1107 709 1257 747 viscera
1287 707 1426 760 condi,

267 767 540 819 Congestoque
572 767 727 806 avidum
756 768 1018 818 pinguescere
1050 778 1216 818 corpore
1247 778 1416 818 corpus,

202 835 247 866 90
266 827 516 877 Alteriusque
549 827 786 864 animantem
819 826 1025 864 animantis
1057 826 1188 864 vivere
1218 824 1320 864 leto!

266 885 424 924 Scilicet
454 886 495 923 in
527 886 645 923 tantis
676 883 816 936 opibus
835 915 846 936 ,
878 896 974 935 quas
1006 885 1151 936 optima
1182 889 1352 922 matrum

266 944 390 983 Terra
420 944 551 995 parit,
583 942 638 981 nil
670 948 709 982 te
741 944 819 982 nisi
849 944 977 981 tristia
1008 942 1192 981 mandere
1225 953 1339 981 saevo

267 1002 436 1042 Vulnera
468 1001 584 1040 dente
616 1003 751 1054 iuvat,
783 1002 985 1052 rictusque
1017 1001 1168 1040 referre
1200 998 1446 1052 Cyclopum?

265 1061 346 1100 Nec
364 1093 375 1113 ‚
407 1061 483 1099 nisi
513 1059 732 1111 perdideris
764 1059 911 1112 alium,
941 1059 1095 1111 placare
1125 1060 1276 1098 voracis

203 1129 246 1160 95
266 1119 317 1159 Et
347 1118 445 1158 male
477 1120 619 1157 morati
648 1120 798 1170 poteris
830 1120 975 1157 ieiunia
1005 1115 1188 1157 ventris?

266 1180 315 1217 At
345 1183 457 1216 vetus
489 1176 552 1215 illa
584 1182 689 1216 aetas
707 1208 719 1229 ‚
751 1178 815 1216 cui
847 1178 1010 1216 fecimus
1043 1188 1160 1216 aurea
1191 1188 1358 1229 nomen,

268 1235 431 1275 Fetibus
463 1234 639 1274 arboreis
672 1241 740 1287 et,
773 1247 868 1286 quas
899 1236 1044 1274 humus
1076 1235 1246 1288 educat,
1271 1234 1404 1278 herbis

270 1295 482 1333 Fortunata
513 1294 588 1332 fuit
605 1324 617 1346 ‚
648 1305 720 1332 nec
750 1293 891 1345 polluit
922 1306 990 1332 ora
1022 1306 1186 1333 cruore.

269 1353 379 1392 Tunc
411 1357 451 1391 et
481 1363 570 1391 aves
596 1356 701 1390 tutae
734 1364 891 1391 movere
921 1364 993 1403 per
1025 1356 1114 1391 aera
1144 1364 1316 1404 pennas,

184 1421 248 1453 100
268 1412 318 1451 Et
347 1411 459 1462 lepus
491 1409 695 1462 inpavidus
723 1410 860 1449 mediis
891 1412 1036 1449 erravit
1065 1412 1106 1449 in
1137 1410 1294 1463 herbis,

268 1471 349 1509 Nec
381 1482 451 1508 sua
483 1468 693 1508 credulitas
724 1471 874 1520 piscem
905 1468 1165 1521 suspenderat
1195 1469 1333 1509 hamo:
1379 1511 1384 1516 ,

271 1530 420 1568 Cuncta
450 1529 534 1566 sine
566 1527 718 1566 insidiis
750 1527 974 1579 nullamque
1005 1529 1182 1567 timentia
1213 1528 1390 1568 fraudem

268 1588 466 1637 Plenaque
497 1587 604 1637 pacis
637 1591 775 1625 erant.
812 1592 1021 1637 postquam
1052 1598 1131 1625 non
1162 1586 1269 1625 utilis
1300 1592 1436 1626 auctor

269 1645 445 1685 Victibus
470 1644 636 1696 invidit,
669 1646 846 1695 quisquis
878 1645 952 1684 suit
982 1644 1069 1697 ille,
1100 1646 1302 1697 priorum,

187 1713 251 1746 105
273 1704 569 1756 Corporeasque
601 1703 720 1754 dapes
752 1703 901 1742 avidam
932 1703 1120 1742 demersit
1150 1705 1190 1743 in
1222 1703 1372 1757 alvum,

271 1764 381 1803 Fecit
410 1764 487 1801 iter
513 1761 682 1801 sceleri.
719 1763 923 1813 primaque
955 1774 977 1800 e
1009 1761 1127 1801 caede
1159 1762 1332 1802 ferarum

273 1821 486 1862 Incaluisse
517 1826 653 1872 putem
684 1820 921 1860 maculatum
952 1822 1141 1872 sanguine
1173 1821 1343 1861 ferrum:

271 1881 394 1932 quue
426 1880 519 1917 satis
551 1879 680 1918 fuerat
696 1910 708 1931 ,
739 1885 999 1930 nostrumque
1029 1880 1204 1931 petentia
1234 1879 1355 1919 letum

274 1939 448 1990 Corpora
478 1938 597 1976 missa
627 1938 717 1976 neci
746 1937 849 1976 salva
880 1939 1023 1989 pietate
1056 1938 1249 1977 fatemur.

186 2007 253 2039 110
274 1998 351 2037 Sed
383 2007 500 2048 quam
531 1995 657 2034 danda
687 1997 804 2048 neci,
835 2001 914 2035 tam
945 2007 1023 2034 non
1055 1996 1246 2047 epulanda
1278 1997 1458 2036 fuerunt.

273 2057 444 2107 Longius
475 2054 566 2093 inde
597 2054 706 2092 nefas
738 2053 862 2106 abiit,
892 2060 932 2093 et
961 2055 1086 2106 prima
1115 2060 1277 2106 putatur

273 2115 408 2153 Hostia
440 2125 507 2152 sus
539 2114 731 2151 meruisse
764 2125 930 2165 necem,
962 2114 1053 2163 quia
1084 2115 1233 2152 semina
1263 2113 1391 2165 pando

272 2173 442 2212 Eruerat
471 2176 602 2210 rostro
634 2183 823 2222 spemque
855 2173 1118 2222 interceperat
1149 2173 1262 2210 anni.

274 2231 359 2270 Vite
392 2242 508 2282 caper
540 2241 669 2269 morsa
699 2229 842 2268 Bacchi
873 2235 1064 2268 mactatus
1096 2229 1143 2268 ad
1175 2242 1260 2269 aras

189 2298 253 2328 115
275 2289 425 2328 Dicitur
457 2289 596 2328 ultoris
616 2319 626 2328 .
663 2291 799 2327 nocuit
829 2301 899 2327 sua
925 2288 1038 2340 culpa
1069 2288 1244 2328 duobus.

276 2347 376 2393 Quid
403 2349 604 2387 meruistis
630 2358 722 2386 oves
740 2378 752 2400 ‚
776 2347 972 2399 placidum
996 2359 1118 2398 pecus
1136 2378 1149 2400 ,
1180 2349 1299 2398 inque
1325 2346 1491 2387 tuendos
1550 2372 1554 2383 .-
