1554 2563
608 114 642 148 11
660 141 667 158 ‚
694 116 879 148 505-578
893 139 901 147 .
1066 124 1209 147 conoms
1368 109 1423 152 37

201 224 408 265 Pulchrior
439 226 480 264 in
510 229 592 263 tota
610 255 621 276 ‚
652 234 767 274 quam
800 221 1000 261 Larissaea
1032 221 1220 274 Coronis,

202 283 289 323 Non
321 284 395 323 fuit
425 282 666 322 Haemonia.
704 281 851 333 placuit
882 280 953 320 tibi
972 312 984 333 ,
1015 279 1226 333 Delphice,
1258 285 1390 332 certe,

202 342 303 382 Dum
334 341 394 381 vel
426 346 531 381 casta
562 341 665 392 suit,
694 340 755 379 vel
786 339 1060 379 inobservata.
1099 339 1166 378 sed
1199 338 1279 378 ales

115 408 182 442 545
204 401 337 441 Sensit
367 399 602 440 adulterium
633 398 855 438 Phoebeius
874 429 885 450 ‚
915 403 1038 449 utque
1070 397 1256 437 latentem

166 471 168 473 ’
201 459 412 511 Detegeret
442 458 596 510 culpam
614 489 625 510 ‚
657 469 736 496 non
769 456 976 497 exorabilis
1007 456 1124 496 index
1296 464 1325 490 ι.
1346 464 1425 490 xvii.

201 518 259 558 Ad
291 518 492 558 dominum
524 516 709 556 tendebat
740 518 844 555 iter.
883 528 1001 567 quem
1032 515 1187 566 garrula
1213 516 1329 554 motis

203 577 468 628 Consequitur
498 577 639 628 pennis
657 607 669 628 ‚
701 576 865 614 scitetur
897 580 941 613 ut
972 575 1100 613 omnia
1118 606 1129 626 ‚
1161 575 1321 613 cornix:

203 635 423 687 Auditaque
454 636 538 675 viae
569 646 686 674 causa
719 631 812 673 ‘non
844 633 939 672 utile
972 629 1116 684 carpis'

117 694 338 746 5501nquit
363 691 484 733 ‘iterz
514 705 564 733 ne
597 704 739 745 sperne
772 704 880 732 meae
912 693 1113 744 praesagia
1144 691 1318 742 linguae.

203 753 306 800 Quid
326 753 468 792 fuerim
489 751 582 803 quid
608 753 761 802 simque
774 783 785 804 ‚
812 751 898 790 vide
918 783 928 803 ‚
960 752 1224 801 meritumque
1244 750 1428 800 require:

204 812 384 852 Invenies
415 812 597 851 nocuisse
629 811 773 849 fidem.
812 821 902 849 nam
933 816 1110 861 tempore
1144 808 1311 859 quodam

203 870 328 910 Pallas
359 869 659 909 Erichthonium
678 901 688 921 ‚
719 869 870 921 prolem
902 869 986 908 sine
1018 873 1143 907 matre
1175 872 1370 917 creatam,

205 929 407 969 Clauserat
436 929 580 967 Actaeo
612 933 718 967 texta
749 928 796 966 de
828 928 971 966 vimine
1004 928 1123 978 cista,

116 995 184 1028 555
204 987 509 1040 virginibusque
542 986 670 1026 tribus
701 987 855 1038 gemino
882 986 930 1025 de
963 985 1136 1036 Cecrope
1163 986 1264 1024 natis

205 1046 255 1086 Et
286 1047 412 1098 legem
445 1046 635 1098 dederat,
668 1057 737 1084 sua
769 1057 818 1083 ne
850 1050 1003 1083 secreta
1033 1043 1234 1082 viderent.

206 1105 345 1144 Abdita
378 1104 516 1144 fronde
547 1104 623 1143 levi
654 1103 774 1143 densa
805 1102 1036 1155 speculabar
1067 1101 1115 1140 ab
1146 1101 1276 1153 ulmo,

207 1164 308 1210 Quid
340 1164 544 1203 facerent.
583 1164 789 1201 commissa
824 1162 923 1201 duae
956 1157 1041 1200 sine
1074 1160 1210 1200 fraude
1242 1164 1429 1212 tuentur,

206 1222 427 1262 Pandrosos
457 1227 575 1272 atque
607 1220 760 1260 Herse.
798 1220 953 1260 timidas
984 1225 1097 1260 vocat
1127 1231 1206 1259 una
1237 1229 1394 1258 sorores

120 1289 187 1321 560
208 1281 426 1333 Aglauros,
459 1281 662 1331 nodosque
693 1291 811 1319 manu
842 1279 1020 1319 diducit.
1060 1283 1100 1317 et
1129 1279 1236 1317 intus

207 1340 477 1391 Infamemque
509 1339 644 1378 vident
674 1344 1030 1390 apporrectumque
1063 1337 1296 1376 draconem.

207 1399 302 1438 Acta
333 1398 428 1438 deae
459 1398 613 1437 refero.
651 1410 722 1449 pro
756 1409 833 1449 quo
865 1397 960 1437 mihi
993 1398 1115 1447 gratia
1148 1395 1235 1434 talis

207 1457 400 1497 Redditur
418 1489 429 1509 ‚
459 1462 505 1496 ut
536 1457 642 1496 dicar
675 1455 795 1495 tutela
827 1455 938 1507 pulsa
969 1455 1165 1494 Minervae

209 1515 259 1555 Et
290 1527 413 1568 ponar
444 1521 535 1567 post
565 1517 692 1554 noctis
725 1526 863 1553 avem.
901 1525 987 1553 mea
1019 1525 1144 1564 poena
1176 1511 1355 1551 volucres

121 1582 188 1614 565
208 1574 469 1614 Admonuisse
499 1578 659 1625 potest,
691 1585 741 1612 ne
772 1584 866 1612 voce
898 1572 1073 1623 pericula
1105 1576 1314 1623 quaerant.

208 1635 258 1673 At
274 1665 286 1686 ‚
317 1638 412 1685 puto
432 1664 444 1685 ,
475 1644 554 1671 non
585 1631 690 1671 ultro
709 1663 720 1685 ‚
752 1643 825 1670 nec
858 1632 1067 1682 quiequam
1098 1629 1173 1669 tale
1206 1634 1408 1680 rogantem

208 1691 268 1731 Me
300 1693 413 1743 petiit
438 1689 460 1729 Ῥ
490 1692 573 1743 ipsa
604 1690 697 1730 licet
727 1689 801 1729 hoc
833 1701 854 1728 a
885 1689 1039 1728 Pallade
1072 1700 1260 1740 quaeras:

210 1750 394 1797 Quamvis
426 1752 524 1789 irata
557 1755 645 1801 est,
677 1760 755 1788 non
787 1747 862 1787 hoc
894 1749 992 1787 irata
1023 1746 1203 1798 negabit.

65 1860 67 1862 q
209 1808 307 1848 Nam
338 1820 400 1847 me
431 1808 623 1847 Phocaica
649 1807 778 1847 clarus
810 1806 950 1846 tellure
983 1805 1210 1857 Coroneus,

123 1875 190 1908 570
209 1867 309 1907 Nota
340 1867 480 1918 loquor
498 1899 510 1919 ,
540 1868 705 1919 genuit3
737 1867 968 1916 fueramque
999 1877 1071 1916 ego
1104 1865 1211 1915 regia
1241 1864 1374 1915 virgo:

210 1925 482 1977 Divitibusque
512 1927 643 1978 procis
662 1957 674 1978 ,
705 1937 753 1964 ne
786 1936 848 1963 me
881 1929 1088 1963 contemne
1106 1954 1117 1976 ,
1148 1921 1333 1975 petebar.

211 1985 351 2024 Forma
382 1984 478 2024 mihi
508 1986 671 2024 nocuit.
711 1995 800 2023 nam
832 1994 922 2022 cum
952 1994 1024 2035 per
1054 1982 1170 2021 litora
1200 1980 1317 2020 lentis

211 2042 397 2084 Passihus
415 2074 427 2096 ,
457 2048 502 2083 ut
532 2042 639 2082 soleo
658 2074 670 2095 ,
701 2054 853 2082 summa
884 2042 1076 2093 spatiarer
1106 2039 1276 2091 harena,

212 2101 316 2142 Vidit
346 2107 386 2141 et
415 2100 579 2141 incaluit
608 2100 735 2153 pelagi
767 2101 892 2140 deus.
933 2105 1053 2150 utque
1083 2097 1281 2150 precando

124 2168 192 2200 575
212 2160 406 2212 Tempora
438 2172 528 2200 cum
559 2159 711 2199 blandis
742 2158 961 2210 absumpsit
991 2159 1120 2197 inania
1151 2155 1305 2208 verbis,

212 2219 297 2259 Vim
328 2224 439 2271 parat
470 2224 510 2258 et
541 2220 748 2270 sequitur.
786 2218 893 2268 fugio
926 2216 1170 2267 densumque
1202 2214 1383 2265 relinquo

212 2277 323 2316 Litus
342 2308 353 2330 ‚
385 2283 424 2316 et
454 2279 495 2316 in
526 2277 633 2316 molli
664 2277 904 2328 nequiquam
935 2274 1060 2314 lassor
1091 2275 1259 2314 harena.

213 2333 306 2376 Inde
338 2336 431 2376 deos
463 2335 720 2387 hominesque
751 2345 847 2373 voco
866 2365 878 2387 ‚
908 2345 982 2373 nec
1014 2333 1178 2385 contigit
1208 2331 1332 2372 ullum
