1554 2563
96 109 152 150 46
331 121 467 145 emuna
646 109 860 144 METAMM
873 136 880 144 .

211 218 415 271 Respicit,
447 225 487 258 et
517 218 653 258 dextra
685 230 849 258 cornum
881 224 1017 272 tenet,
1049 218 1167 258 altera
1199 219 1316 258 dorso

123 286 190 316 875
211 277 382 330 Inposita
414 282 503 329 est3
535 276 726 316 tremulae
758 279 965 317 sinuantur
996 278 1149 317 ssamine
1182 284 1333 318 vesteS.

436 531 668 584 LIBER
721 529 1094 585 TERTIUS.

211 628 369 680 lamque
400 629 497 668 deus
529 631 654 681 posita
686 629 831 669 fallacis
857 631 1024 681 imagine
1056 631 1158 669 tauri

213 688 263 726 Se
296 687 502 727 confessus
534 694 619 727 erat
650 687 886 739 Dictaeaque
918 700 1009 727 rura
1042 688 1223 728 tenebat:

212 746 308 786 Cum
339 752 450 798 pater
481 747 642 798 ignarus
674 745 817 786 Cadmo
849 748 1082 798 perquirere
1114 753 1262 798 raptam

211 805 409 857 Imperat,
436 811 476 844 et
505 816 671 857 poenam
689 837 701 857 ‚
732 807 765 844 si
797 817 874 844 non
905 806 1128 857 invenerit,
1161 805 1265 844 addit

172 871 190 901 5
213 863 411 902 Exilium.
451 862 571 914 [facto
604 865 692 915 pius
725 869 765 903 et
796 863 1010 903 sceleratus
1042 863 1179 903 eodem
1194 863 1221 914 .]

213 921 317 961 Orbe
350 928 553 974 pererrato
587 944 640 950 -—
674 923 762 972 quis
794 924 897 961 enim
930 922 1174 974 deprendere
1205 924 1330 974 possit

211 980 330 1020 Furta
351 980 451 1019 Iovis
470 978 493 1020 Ῥ
512 1002 567 1009 -
587 981 779 1033 profugus
799 983 1043 1032 patriamque
1063 983 1240 1032 iramque
1260 983 1435 1033 parentis

211 1038 314 1079 Vitat
344 1039 585 1090 Agenorides
603 1070 615 1092 ,
646 1039 873 1091 Phoebique
905 1039 1061 1079 oracula
1094 1039 1258 1091 supplex

212 1097 389 1137 Consulit
420 1104 487 1150 et,
521 1110 619 1149 quae
651 1099 702 1137 sit
732 1097 848 1137 tellus
880 1097 1087 1137 habitanda
1106 1130 1116 1150 ,
1149 1100 1337 1150 requirit.

151 1164 193 1195 10
214 1154 304 1195 ‘Bos
336 1153 422 1195 tibi'
454 1155 638 1195 Phoebus
670 1157 722 1195 ait
749 1153 856 1195 ‘solis
889 1163 1073 1196 occurret
1105 1158 1144 1196 in
1180 1159 1304 1210 arvis,

210 1214 367 1254 Nullum
399 1226 512 1266 passa
543 1216 707 1267 iugum,
740 1216 928 1266 curvique
959 1216 1144 1254 immunis
1176 1218 1318 1255 aratri.

209 1272 291 1312 Hac
323 1273 422 1312 duce
455 1285 573 1325 carpe
605 1275 685 1313 vias
717 1279 757 1312 et
789 1285 864 1325 qua
890 1275 1129 1325 requieverit
1159 1273 1304 1326 herba,

209 1332 360 1371 Moenia
392 1332 451 1370 sac
483 1331 627 1371 condas
646 1364 657 1385 ,
688 1331 926 1383 Boeotiaque
957 1331 1020 1371 illa
1052 1338 1186 1372 vocato
1202 1329 1226 1371 .’

209 1389 279 1430 Vix
310 1390 410 1430 bene
438 1390 604 1430 Castalio
638 1390 805 1430 Cadmus
838 1390 1095 1430 descenderat
1126 1396 1261 1444 antro,

148 1449 491 1488 151ncustoditam
522 1449 626 1488 lente
658 1449 763 1488 videt
793 1450 851 1488 ire
882 1450 1085 1488 iuvencam

210 1507 367 1547 Nullum
401 1509 550 1547 servitii
583 1509 738 1559 signum
770 1508 922 1547 cervice
954 1513 1179 1559 gerentem.

210 1566 475 1618 Subsequitur
506 1578 722 1618 pressoque
754 1565 848 1617 legit
878 1568 1039 1618 vestigia
1070 1578 1234 1619 gressu,

209 1626 501 1676 Auctoremque
532 1626 616 1664 viae
648 1624 850 1664 Phoebum
881 1626 1103 1664 taciturnus
1134 1625 1290 1668 adorat.

209 1683 288 1723 lam
320 1683 413 1722 vada
447 1683 603 1735 Cephisi
634 1682 892 1735 Panopesque
925 1690 1101 1722 evaserat
1131 1695 1243 1723 arva:

145 1750 189 1782 20
208 1741 284 1781 Bos
318 1743 427 1781 stetit
459 1748 498 1780 et
529 1741 669 1781 tollens
701 1743 919 1793 speciosam
951 1741 1136 1780 cornibus
1169 1741 1255 1780 altis

208 1801 266 1840 Ad
298 1800 448 1839 caelum
481 1801 651 1839 frontem
682 1799 897 1851 mugitibus
928 1799 1071 1852 inpulit
1101 1812 1215 1839 auras

209 1859 336 1910 Atque
367 1860 420 1898 ita
438 1890 450 1910 ‚
481 1859 698 1910 respiciens
731 1859 893 1897 comites
925 1870 995 1897 sua
1027 1864 1135 1910 terga
1167 1865 1401 1911 sequentes,

207 1916 425 1956 Procubuit
455 1922 669 1968 teneraque
700 1916 801 1956 latus
834 1918 1029 1955 summisit
1059 1918 1099 1956 in
1131 1916 1273 1956 herba.

208 1975 376 2015 Cadmus
408 1976 487 2026 agit
516 1980 646 2026 grates
664 2006 675 2027 ,
706 1976 1017 2026 peregrinaeque
1049 1975 1182 2014 oscula
1214 1982 1342 2015 terrae

145 2042 187 2073 25
208 2034 339 2087 Figit‚
372 2040 411 2073 et
440 2036 595 2085 ignotos
627 2039 780 2072 montes
813 2045 1004 2084 agrosque
1037 2033 1200 2073 salutat.

210 2093 329 2132 Sacra
359 2092 440 2132 lovi
471 2093 647 2132 facturus
678 2097 790 2131 erat.
828 2091 938 2130 iubet
967 2093 1026 2130 ire
1057 2093 1258 2132 ministros

207 2151 258 2190 Et
287 2156 423 2203 petere
454 2163 476 2190 e
508 2151 604 2190 vivis
635 2149 809 2190 libandas
841 2149 1015 2189 sontibus
1047 2150 1193 2189 undas.

209 2209 310 2249 Silva
342 2215 455 2249 vetus
486 2208 612 2248 stabat
643 2208 747 2248 nulla
778 2207 916 2247 violata
948 2210 1101 2261 securi,

207 2267 258 2307 Et
288 2280 431 2319 specus
462 2269 502 2306 in
534 2267 661 2307 media
680 2299 691 2320 ‚
722 2268 841 2319 virgis
873 2278 917 2306 ac
949 2268 1092 2306 vimine
1124 2266 1295 2320 densus,

144 2335 188 2366 30
207 2325 392 2365 Efficiens
424 2325 609 2365 humilem
641 2325 811 2377 lapidum
843 2324 1094 2379 compagibus
1125 2336 1283 2377 arcum,
