1554 2563
1282 127 1402 163 XXIX

62 232 183 272 abant
232 234 315 272 557
347 235 486 273 uertice
534 235 619 273 594
644 236 758 283 perit.
785 235 854 274 sed
885 238 1065 285 praestat
1091 236 1122 274 L
1175 237 1255 275 641
1305 239 1401 283 701,

65 292 146 330 702
200 292 283 330 740
334 293 416 331 765
453 291 687 342 Obstitpuere
736 294 820 333 784
852 296 1033 342 quatinus
1083 295 1179 334 818.

179 404 286 446 LIB.
317 405 390 447 IX·
417 423 452 449 v.
486 407 541 447 74
577 418 886 458 DOMITAMQUE
920 419 1127 451 RECLUSI.
1177 413 1313 451 reduxi
1343 413 1401 463 M3

62 467 316 516 interpolatio
349 468 390 506 et
427 468 649 507 emendatio
687 470 768 507 late
807 470 988 519 evagata.
1052 471 1175 509 edunt
1205 471 1288 510 fere
1312 483 1402 520 per-

62 527 144 565 ussi
180 526 243 565 vel
278 528 478 577 praeussz',
521 527 678 566 Heinsii
720 528 984 579 coniecturas3
1028 541 1118 568 cum
1153 532 1289 568 tamen
1323 542 1401 568 non

62 583 212 623 domita
243 587 417 634 perusta,
450 585 519 624 sed
550 587 715 635 perusta
740 587 890 626 domita
914 588 1043 637 hydra
1067 588 1200 627 fuerit.
1251 589 1402 627 domita

62 643 156 693 quid
199 643 348 681 factum
393 644 462 694 sit,
513 643 697 683 bifariam
741 646 866 684 tradit
907 645 1176 695 Apollodorus
1220 655 1254 685 11
1282 649 1305 686 5
1346 648 1398 686 25

60 700 147 740 τῶν
179 697 494 750 ἀναφυομένων
524 702 726 752 κεφαλῶν
758 701 1103 753 περιγενόμενος,
1134 704 1212 754 τὴν
1244 701 1400 745 ἀθάνα-

60 770 136 799 τον
167 756 396 808 ἀποκόψας
434 758 687 809 κατώρυξε
726 760 793 801 καὶ
827 763 1000 811 βαρεῖαν
1032 761 1208 812 ἐπέθηκε
1240 763 1401 812 πέτραν

61 815 180 857 -τὸ
201 817 247 857 δὲ
268 818 384 867 ςῶμα
409 815 677 868 ἀναεχίεαε
703 821 751 873 τῇ
779 821 884 873 χολῇ
911 820 1010 860 τοὺς
1036 819 1201 861 ὀιετοὺε
1227 819 1400 871 ἔβαψεν.

61 877 231 915 alterum
268 878 464 916 intellexit
495 879 710 929 Planudes,
750 880 853 929 quod
885 892 1005 930 aegre
1037 882 1246 930 scripturis
1279 882 1400 920 tradi-

60 936 124 986 tis,
156 947 227 974 nec
254 936 486 975 idoneorum
515 940 721 976 auctorum
749 939 938 988 exemplis
965 940 1198 978 correctioni
1226 942 1399 991 nostrae,

61 994 177 1045 satis,
209 996 254 1033 ut
284 997 402 1045 puto,
433 996 532 1045 leni,
565 996 899 1035 adcommodatur.
950 1000 992 1036 at
1015 1001 1182 1048 pectora,
1213 999 1399 1049 iuqulum,

60 1053 222 1093 vulnera
247 1056 341 1092 tecta
366 1061 581 1104 REOLUDI,
607 1055 829 1094 technicum
855 1056 1096 1094 medicorum
1116 1069 1202 1095 esse
1221 1057 1400 1108 verbum,

59 1112 202 1150 docent
233 1112 367 1151 lexica.
506 1110 590 1151 249
623 1121 763 1164 18TAS,
795 1123 874 1165 NE,
907 1122 1132 1154 SPERNITE
1166 1124 1398 1156 FLAMMAS.

60 1172 121 1209 est
146 1171 242 1209 haec
266 1173 426 1220 praeter
449 1172 807 1221 interpunctionem
832 1174 919 1222 ipsa
938 1174 978 1211 M
999 1174 1212 1223 scriptura:
1242 1173 1400 1214 Oetaeas

59 1231 222 1277 spernite
264 1230 296 1267 E
341 1232 382 1268 et
424 1230 667 1280 reliquorum
711 1232 896 1270 omnium.
1059 1229 1146 1270 294
1189 1232 1398 1272 LUCINAM

59 1295 290 1336 NIXOSQUE
315 1296 502 1328 PATRES.
538 1289 635 1328 Luc.
654 1301 840 1338 nexosque
857 1302 978 1338 pares
1002 1290 1055 1330 M.
1093 1291 1189 1329 Imc.
1210 1292 1261 1330 ad
1285 1303 1400 1331 nexos

57 1350 194 1395 partus
226 1359 314 1385 cum
346 1347 399 1397 gl.
424 1348 486 1386 uel
509 1349 718 1387 secundum
742 1349 809 1387 hoc
839 1350 938 1396 quod
968 1345 1126 1397 Quidam
1150 1350 1240 1388 libri
1263 1350 1400 1389 habeut

59 1417 248 1454 nexasque
285 1407 376 1444 deas
412 1406 456 1444 E.
507 1407 610 1456 quod
647 1407 802 1456 pridem
839 1407 947 1457 dedi,
990 1408 1182 1457 putabam
1218 1408 1400 1459 intellegi

60 1476 186 1512 posse.
236 1464 300 1502 dei
331 1477 466 1503 omnes
492 1468 626 1513 patres
657 1466 840 1516 audiunt,
878 1467 1046 1504 maxime
1079 1467 1326 1506 obscuriores
1359 1470 1400 1507 et

59 1522 470 1575 indigitamentorum,
515 1523 628 1562 Semo
671 1527 804 1574 pater,
847 1526 962 1573 pater
998 1525 1239 1575 Matutinus,
1284 1528 1400 1575 pater

59 1581 232 1631 Indiges.
293 1582 390 1620 Nixi
424 1583 482 1631 di,
521 1582 568 1621 de
606 1583 748 1632 quibus
779 1583 923 1621 Festus
955 1583 1097 1633 tradit,
1130 1584 1164 1622 si
1195 1584 1398 1624 doetrinae

61 1639 330 1678 Varronianae
368 1640 546 1688 fuerunt,
585 1641 690 1690 quod
727 1653 806 1680 non
843 1641 980 1679 statim
1017 1642 1194 1692 memini,
1233 1643 1398 1681 dubium

59 1710 137 1737 non
173 1700 252 1749 est,
296 1699 391 1748 quin
434 1699 703 1738 accusativum
745 1700 959 1738 habuerint
990 1700 1147 1739 Nixios:
1191 1701 1225 1739 si
1263 1714 1398 1751 super-

59 1757 220 1796 stitione
239 1758 353 1808 vulgi
384 1759 602 1798 consecrati
634 1760 737 1808 sunt,
770 1759 886 1808 signa
917 1761 1009 1797 ante
1034 1759 1176 1797 cellam
1195 1760 1397 1799 Minervae

49 1816 214 1865 ‚qenibus
238 1817 333 1855 nixa
359 1811 485 1868 (Fest.
512 1816 584 1862 Qu.
610 1825 660 1855 IX
681 1818 735 1855 25
767 1817 792 1855 l.
817 1819 851 1866 1,
885 1812 930 1869 2)
957 1817 1248 1868 advenerantis,
1275 1819 1398 1859 Nioeos

58 1874 252 1913 mansisse
292 1875 535 1925 putaverim3
579 1887 651 1914 nee
687 1876 751 1914 vel
794 1878 954 1925 poetam
991 1875 1206 1915 dedecebat
1247 1890 1398 1916 morem

57 1934 302 1983 popularem,
333 1946 450 1983 quem
476 1934 526 1972 ad
551 1946 736 1984 graecam
766 1946 978 1983 personam
1007 1935 1212 1985 transfert,
1245 1936 1398 1975 soloece

57 2003 271 2041 parumper
306 1992 504 2030 inducere.
652 1989 738 2031 406
772 1992 1110 2039 SUBDUCTAQUE
1150 2001 1276 2033 srros
1315 2003 1397 2033 MA-

58 2058 144 2089 NES
176 2058 389 2089 TELLURE
421 2059 625 2090 VIDEBIT.
687 2063 776 2090 suos
806 2063 938 2090 manes
967 2051 1072 2101 libri,
1103 2051 1144 2089 id
1176 2052 1280 2102 quod
1312 2065 1396 2092 sen-

58 2120 145 2147 sum
176 2109 275 2146 mihi
304 2122 382 2148 non
411 2109 544 2148 habet.
580 2109 730 2159 Styyios
754 2121 886 2148 manes
911 2110 1020 2148 adire
1045 2110 1144 2149 dixit
1173 2112 1293 2160 poeta
1312 2121 1397 2150 XIII

59 2168 162 2217 465,
205 2169 335 2216 niyros
377 2180 509 2207 manes
551 2170 678 2207 videre
720 2168 845 2206 Lucil.
877 2165 1012 2207 Aetna
1044 2170 1116 2207 76:
1162 2169 1290 2208 simile
1333 2171 1396 2209 hic

58 2225 206 2263 dictum
236 2226 355 2265 volui.
416 2226 542 2265 Marii
571 2229 666 2266 sitas
695 2228 878 2274 reliquias
909 2227 1008 2265 dixit
1040 2226 1175 2266 Cicero
1207 2228 1332 2278 Legg.
1360 2238 1395 2267 11

58 2284 110 2321 22
146 2284 219 2334 56,
263 2286 304 2323 et
341 2297 440 2334 quae
478 2285 557 2323 alia
592 2286 717 2324 lexica
749 2285 912 2323 dabunt.
1060 2282 1146 2324 416
1177 2286 1395 2326 IUPPITER

59 2349 130 2381 HIS
156 2350 343 2394 AUCTUS,
374 2351 628 2383 PRIVIGNAE
661 2351 789 2383 DONA
820 2351 1078 2395 NURUSQUE,
1104 2344 1395 2385 PRAECIPIET.
