1554 2563
532 95 618 130 VIII
630 122 639 140 ‚
667 99 852 130 132—204
867 122 873 129 .
995 107 1177 129 uubanus
1299 92 1381 135 155

157 206 243 253 Quo
274 213 482 258 postquam
513 207 707 257 geminam
739 206 842 244 tauri
873 205 1104 256 iuvenisque
1135 205 1300 256 figuram

70 273 136 304 170
158 265 334 318 Clausit,
365 271 405 304 et
434 265 577 304 Actaeo
608 264 668 303 bis
699 269 856 316 pastum
888 265 1076 315 sanguine
1108 268 1329 302 monstrum

157 324 291 363 Tertia
323 335 409 363 sors
441 325 553 363 annis
585 323 736 363 domuit
767 324 934 374 repetita
966 323 1152 374 novenis;

156 382 286 434 thue
318 395 392 434 ope
422 383 596 434 virginea
627 381 744 422 nullis
775 383 915 421 iterata
946 382 1123 433 priorum

156 441 275 481 Ianua
306 441 476 480 difficilis
508 441 572 480 filo
605 446 666 480 est
695 442 853 480 inventa
883 440 1055 480 relecto:

156 500 343 540 Protinus
374 500 541 551 Aegides
573 505 683 552 rapta
713 499 883 538 Minoide
915 498 1025 539 Diam

73 567 137 599 175
157 558 249 599 Vela
281 559 418 612 dedit,
450 560 713 610 comitemque
746 570 857 598 suam
889 557 1061 597 crudelis
1092 559 1133 597 in
1163 557 1229 597 illo

157 617 292 658 Litore
318 617 526 658 destituit.
565 617 743 657 desertae
776 624 816 656 et
847 617 968 656 multa
1000 618 1185 668 querenti

158 677 369 729 Amplexus
401 683 441 716 et
472 689 586 729 opem
618 676 736 715 Liber
768 676 886 728 tulit3
918 683 1041 727 utque
1071 676 1238 727 perenni

161 736 298 775 Sidere
330 735 433 775 clara
466 737 597 787 foret,
629 741 825 787 sumptam
857 735 904 774 de
938 735 1067 774 fronte
1100 746 1284 773 coronam

159 795 312 834 Inmisit
342 794 478 834 caelo.
519 801 658 834 tenues
690 794 792 833 volat
824 794 887 832 illa
920 805 990 845 per
1021 805 1162 845 auras,

75 861 138 893 180
159 854 339 905 Dumque
372 854 474 893 volat
492 885 503 906 ‚
534 864 710 905 gemmae
742 853 886 892 nitidos
918 857 1127 891 vertuntur
1157 854 1198 891 in
1251 862 1379 885 mxxv-

1099 912 1210 962 ignes

160 972 470 1023 Consistuntque
503 970 588 1010 loco
607 1003 619 1024 ‚
652 972 784 1023 specie
817 976 1045 1010 remanente
1077 981 1269 1022 coronae,

161 1031 237 1077 Qui
269 1030 421 1070 medius
446 1030 615 1081 Nixique
647 1042 751 1082 genu
784 1036 873 1081 est,
903 1030 1161 1080 Anguemque
1190 1029 1382 1067 tenentis.

219 1089 410 1129 Daedalus
442 1091 593 1128 interea
626 1088 769 1128 Creten
802 1088 1040 1139 longumque
1071 1098 1239 1139 perosus

162 1148 330 1188 Exilium
361 1154 569 1198 tactusque
600 1147 677 1187 loci
707 1147 846 1186 natalis
877 1159 1034 1199 amore,

76 1216 140 1248 185
162 1207 326 1247 Clausus
358 1213 444 1246 erat
467 1207 604 1258 pelago
625 1238 634 1247 .
673 1203 816 1245 ‘terras
848 1202 955 1245 licet'
987 1206 1116 1256 inquit
1148 1202 1203 1244 ‘et
1235 1205 1358 1244 undas

162 1266 379 1306 Obstruat:
411 1272 450 1305 at
481 1265 632 1305 caelum
664 1271 772 1304 certe
804 1271 939 1317 patet.
977 1264 1121 1303 ibimus
1152 1264 1262 1303 illac.

162 1325 300 1365 Omnia
331 1324 559 1377 possideat,
590 1337 668 1363 non
700 1324 876 1376 possidet
901 1327 991 1363 aera
1021 1323 1148 1362 Minos
1162 1319 1186 1361 .'

162 1384 294 1436 Dixit,
327 1389 366 1423 et
395 1385 548 1436 Ignotas
580 1385 754 1422 animum
786 1383 947 1422 dimittit
977 1384 1017 1421 in
1049 1388 1177 1434 artes,

162 1443 428 1494 Naturamque
462 1448 609 1482 novat.
649 1454 738 1481 nam
769 1444 881 1493 ponit
911 1444 949 1480 in
982 1440 1119 1479 ordine
1150 1452 1323 1491 pennas,

76 1510 142 1542 190
164 1501 213 1552 [A
246 1503 404 1540 minima
436 1507 594 1553 coeptas
613 1532 624 1553 ,
655 1501 810 1552 longam
841 1500 1020 1539 breviore
1053 1500 1235 1550 sequenti
1245 1498 1275 1552 ‚]

163 1560 215 1600 Ut
246 1560 344 1600 clivo
377 1562 548 1599 crevisse
579 1566 725 1612 putes:
757 1561 814 1598 sic
846 1560 995 1598 rustica
1027 1557 1224 1609 quondam

163 1619 312 1660 Fistula
343 1618 565 1671 disparibus
596 1618 783 1670 paulatim
815 1619 943 1668 surgit
974 1619 1129 1656 avenis.

165 1679 267 1718 Tum
298 1678 378 1717 lino
411 1678 559 1717 medias
591 1682 632 1716 et
663 1679 764 1716 ceris
797 1676 926 1728 alligat
957 1677 1077 1729 imas,

165 1739 291 1789 Atque
322 1739 376 1776 ita
407 1737 645 1788 compositas
676 1748 794 1788 parvo
828 1736 1052 1775 curvamine
1083 1734 1228 1786 flectit,

33 1837 35 1840 ,
81 1805 144 1835 195
167 1796 216 1835 Ut
248 1807 361 1835 veras
391 1797 568 1835 imitetur
600 1807 717 1835 aves.
756 1806 856 1846 puer
887 1793 1022 1833 Icarus
1052 1805 1131 1833 una

167 1854 304 1894 Stabat
334 1860 402 1907 et,
432 1856 594 1906 ignarus
626 1866 696 1893 sua
728 1865 770 1892 se
802 1859 970 1892 tractare
1002 1852 1172 1904 pericla,

167 1914 244 1953 Ore
276 1913 473 1953 renidenti
504 1914 619 1952 modo
651 1924 748 1964 quas
779 1924 873 1963 vaga
898 1917 1073 1950 moverat
1103 1922 1220 1962 aura,

167 1972 353 2024 Captabat
382 1972 535 2024 plumas
555 2004 566 2024 ,
596 1972 733 2010 ssavam
764 1971 879 2009 modo
911 1970 1051 2022 pollice
1084 1981 1214 2008 ceram

166 2030 338 2071 Mollibat
355 2063 366 2084 ,
397 2031 566 2082 lusuque
598 2043 670 2070 suo
703 2029 879 2068 mirabile
910 2030 1032 2081 patris

80 2097 146 2130 200
168 2089 407 2142 Impediebat
437 2102 537 2142 opus
556 2120 565 2128 .
603 2096 812 2141 postquam
844 2100 982 2127 manus
1014 2087 1151 2126 ultima
1183 2088 1332 2139 coeptis

167 2149 340 2201 Inposita
371 2154 461 2201 est,
492 2149 667 2200 geminas
700 2148 830 2199 opifex
862 2146 1017 2185 libravit
1048 2147 1088 2185 in
1120 2144 1198 2184 alas

167 2208 257 2259 Ipse
289 2219 406 2247 suum
437 2219 581 2259 corpus
599 2239 610 2260 ,
642 2213 824 2257 motaque
856 2204 1045 2257 pependit
1073 2206 1115 2243 in
1146 2216 1261 2243 aura.

168 2266 333 2305 Instruit
364 2272 404 2305 et
435 2273 599 2318 natum,
632 2261 791 2304 ‘medio'
824 2276 900 2315 que
934 2261 993 2303 eut
1023 2264 1146 2302 limite
1178 2274 1338 2312 curras,

169 2323 276 2364 Icare
296 2322 322 2376 ,³
354 2326 408 2364 ait
440 2322 594 2364 ‘moneo
615 2356 625 2375 ‚
657 2336 706 2363 ne
725 2355 737 2376 ,
767 2325 802 2362 si
833 2323 1040 2362 demissior
1070 2321 1169 2372 ibis,
