1554 2563
612 127 645 162 X
659 155 668 172 ,
693 131 878 163 289—362
894 156 902 164 .
1059 140 1199 163 mmmm
1345 128 1431 170 205

209 238 393 290 Quasque
427 239 573 277 creavit
602 238 676 277 init
705 237 878 289 pecudes
911 251 1056 292 caper;
1087 240 1279 292 ipsaque,
1318 240 1430 278 cuius

208 297 365 336 Semine
397 302 587 348 concepta
617 302 707 349 est,
738 309 785 335 ex
817 297 881 335 illo
915 299 1086 349 concipit
1117 297 1219 337 ales.

207 356 356 395 Felices
375 387 386 408 ‚
419 355 561 406 quibus
591 356 664 394 ista
696 355 842 394 licent!
875 356 1042 396 humana
1073 356 1260 408 malignas

119 423 186 455 330
209 415 311 454 Cura
343 414 450 453 dedit
480 414 587 466 leges
606 446 616 466 ,
649 420 689 453 et
721 413 824 464 quod
856 420 994 454 natura
1026 417 1216 467 remittit,

207 473 340 512 Invida
371 475 457 512 iura
489 479 661 524 negant.
699 479 836 524 gentes
868 479 998 513 tamen
1030 486 1117 513 esse
1150 475 1357 526 feruntur,

208 532 252 571 In
285 531 429 583 quibus
462 538 501 571 et
532 538 622 571 nato
655 533 832 583 genetrix
865 538 905 571 et
936 539 1025 572 nata
1056 535 1210 584 parenti

208 591 418 643 Iungitur,
450 596 490 630 et
519 592 644 642 pietas
676 592 870 642 geminato
903 593 1046 631 crescit
1078 603 1232 631 amore.

208 649 268 688 Me
300 651 513 701 miseram,
546 649 649 700 quod
682 661 761 688 non
793 652 901 689 nasci
933 650 1029 689 mihi
1060 652 1224 702 contigit
1255 650 1357 702 illic,

121 717 189 748 335
211 708 462 759 Fortunaque
495 708 571 747 loci
601 707 763 747 laedor!
800 730 850 736 —
885 709 978 760 quid
1010 711 1050 748 in
1082 711 1156 748 ista
1188 706 1399 748 revolvor?

211 767 309 819 Spes
340 767 574 806 interdictae
607 766 826 806 discedite!
859 767 1000 819 dignus
1032 770 1153 807 amari

209 826 277 865 Ille
295 858 307 878 ‚
339 825 407 865 sed
440 832 484 865 ut
514 832 655 878 pater,
687 832 748 865 est
779 847 834 853 -—
868 839 960 878 ergo
993 829 1027 866 si
1057 827 1133 866 filia
1165 828 1294 878 magni

209 885 296 924 Non
328 897 455 924 essem
488 884 651 936 Cinyrae
671 916 682 936 ‚
715 884 878 936 Cinyrae
911 885 1173 925 concumbere
1205 897 1381 938 possem.

210 943 323 983 Nunc
356 945 446 995 quia
478 950 556 982 tam
588 955 699 982 meus
732 949 821 995 est,
853 956 932 983 non
963 951 1024 984 est
1055 957 1166 984 meus
1185 976 1196 997 ,
1226 947 1388 996 ipsaque

1295 1003 1435 1042 damno

123 1070 190 1102 340
210 1062 281 1101 Est
312 1061 408 1100 mihi
438 1063 696 1114 proximitas:
728 1061 851 1101 aliena
882 1064 1082 1114 potentior
1115 1074 1264 1102 essem.

212 1121 272 1160 Ire
304 1120 400 1160 libet
429 1120 567 1172 procul
597 1120 690 1159 hinc
721 1122 949 1172 patriaeque
981 1122 1206 1172 relinquere
1238 1122 1360 1173 fines,

212 1180 312 1219 Dum
341 1179 470 1218 scelus
502 1180 712 1230 effugiam.
751 1182 896 1219 retinet
927 1180 1051 1218 malus
1082 1179 1199 1219 ardor
1219 1186 1437 1219 amantem:

212 1238 263 1278 Ut
280 1250 468 1290 praesens
488 1244 663 1289 spectem
684 1237 864 1290 Cinyram
877 1271 888 1291 ,
913 1245 1147 1290 tangamque
1160 1270 1171 1291 ‚
1197 1238 1412 1290 loquarque
1427 1270 1437 1290 ,

213 1296 434 1348 Osculaque
466 1296 690 1336 admoveam
708 1329 720 1349 ,
752 1298 785 1336 si
817 1297 871 1336 nil
903 1297 1134 1336 conceditur
1165 1297 1268 1336 ultra
1299 1319 1354 1325 —-

127 1364 193 1395 ¹345
214 1355 324 1395 Ultra
356 1361 423 1395 aut
453 1361 678 1406 respectare
711 1355 857 1407 aliquid
888 1362 1002 1408 potes
1020 1388 1031 1409 ,
1062 1357 1180 1408 impia
1212 1354 1356 1407 virgo‘?

214 1414 264 1454 Et
296 1420 392 1465 quot
423 1414 640 1453 confundas
673 1421 712 1453 et
743 1416 830 1454 iura
862 1420 901 1453 et
931 1416 1089 1453 nomina
1108 1446 1119 1467 ‚
1151 1412 1309 1453 sentis?

214 1473 325 1513 Tune
359 1474 437 1512 eris
469 1478 508 1512 et
539 1474 675 1511 matris
706 1473 842 1524 paelex
875 1479 914 1512 et
945 1473 1120 1512 adultera
1150 1470 1310 1524 patris?

214 1532 326 1571 Tune
359 1543 471 1570 soror
502 1533 583 1570 nati
614 1533 871 1582 genetrixque
903 1530 1093 1570 vocabere
1125 1528 1294 1570 fratris?

215 1591 296 1629 Nec
328 1595 481 1629 metues
513 1596 598 1628 atro
631 1591 792 1628 crinitas
824 1602 949 1641 angue
982 1602 1164 1643 sorores,

127 1656 195 1688 350
218 1650 321 1695 Quas
353 1648 504 1688 facibus
536 1650 660 1687 saevis
692 1648 826 1688 oculos
858 1655 976 1699 atque
1008 1661 1076 1687 ora
1101 1654 1282 1700 petentes

216 1708 338 1747 Noxia
369 1707 487 1747 corda
519 1704 692 1746 vident?
722 1713 761 1746 at
793 1712 865 1760 tu,
897 1707 991 1746 dum
1022 1719 1188 1759 corpore
1222 1719 1299 1746 non
1332 1719 1374 1745 es

216 1767 333 1806 Passa
366 1766 475 1805 nefas
494 1798 505 1818 ‚
537 1767 665 1804 animo
697 1777 746 1804 ne
779 1767 941 1817 concipe
960 1798 971 1819 ,
1003 1778 1100 1805 neve
1132 1767 1304 1818 potentis

217 1824 437 1864 Concubitu
469 1826 588 1863 vetito
621 1830 783 1863 naturae
816 1824 946 1876 pollue
978 1824 1139 1864 foedus.

219 1883 323 1923 Velle
354 1890 477 1936 puta,
509 1895 573 1922 res
604 1884 688 1934 ipsa
719 1890 850 1922 vetat.
887 1885 977 1934 pius
1009 1883 1073 1922 ille
1092 1916 1103 1936 ‚
1135 1895 1364 1933 memorque

129 1950 196 1982 355
216 1943 336 1981 Moris
368 1963 423 1970 ——
456 1948 496 1981 et
526 1954 548 1980 o
580 1941 720 1980 vellem
752 1941 889 1980 similis
921 1942 1033 1980 furor
1065 1947 1170 1981 esset
1201 1943 1241 1980 in
1272 1941 1337 1980 illo
1353 1938 1394 1980 1³⁹

218 2001 377 2040 Dixerat
395 2032 404 2040 .
442 2006 481 2040 at.
512 1999 674 2052 Cinyras
692 2032 704 2053 ‚
736 2012 854 2051 quem
887 2001 998 2051 copia
1029 1999 1145 2051 digna
1176 2012 1412 2052 procorum,

219 2059 320 2105 Quid
352 2060 467 2099 saciat
485 2091 496 2111 ,
528 2058 707 2098 dubitare
740 2060 861 2111 facit,
893 2060 1059 2097 scitatur
1091 2058 1137 2097 ab
1169 2060 1277 2111 ipsa,

217 2117 449 2157 Nominibus
481 2118 596 2156 dictis
615 2149 625 2169 ‚
658 2119 771 2156 cuius
802 2117 895 2156 velit
926 2129 1012 2156 esse
1045 2118 1199 2156 mariti.

218 2177 285 2215 llla
316 2176 406 2216 silet
435 2177 592 2228 primo:
624 2178 838 2227 patriisque
870 2177 911 2214 in
942 2175 1114 2215 vultibus
1145 2175 1312 2215 haerens

130 2243 198 2275 360
218 2236 409 2288 Aestuat,
441 2242 481 2274 et
511 2234 643 2286 tepido
676 2234 866 2274 suffundit
896 2234 1043 2274 lumina
1074 2246 1189 2273 rore.

217 2293 391 2345 Virginei
416 2292 578 2345 Cinyras
610 2293 705 2332 haec
738 2293 904 2332 credens
936 2305 1023 2332 esse
1055 2294 1230 2346 timoris,

217 2351 332 2392 Flere
363 2357 496 2406 vetat,
527 2353 727 2404 siccatque
758 2363 877 2404 genas
895 2383 907 2405 ,
939 2357 1054 2403 atque
1087 2351 1221 2391 oscula
1251 2352 1398 2403 iungit.
