1554 2563
143 104 223 146 120
354 116 551 139 rumomznA
689 103 901 137 METAMM
916 129 925 138 .

253 214 430 254 Vincitur
462 212 663 253 ambarum
694 215 848 265 genitor
879 225 1025 265 prece.
1059 214 1201 265 gaudet
1232 215 1387 266 agitque

254 273 320 313 llla
351 273 453 324 patri
485 278 644 325 grates,
671 278 711 311 et
742 274 981 312 successisse
1014 271 1165 311 duabus

168 332 295 372 4851d
327 336 440 383 putat
469 331 603 370 infelix
621 362 632 384 ‚
664 331 767 383 quod
800 332 876 371 erit
905 330 1071 382 lugubre
1102 331 1276 371 duabus.

253 391 333 430 lam
365 389 473 428 labor
505 392 669 441 exiguus
701 389 859 429 Phoebo
886 389 1087 443 restabat,
1119 391 1288 441 equique

254 449 466 489 Pulsabant
494 449 661 500 pedibus
693 450 863 500 spatium
895 448 1052 488 declivis
1085 448 1261 501 Olympi:

254 508 416 559 Regales
449 508 584 559 epulae
617 509 763 547 mensis
796 514 835 546 et
865 507 1041 546 Bacchus
1073 508 1113 546 in
1145 519 1240 546 auro

254 567 448 606 Ponitur.
487 567 578 606 hinc
608 566 761 618 placido
794 566 937 605 dantur
970 578 1038 605 sua
1071 578 1237 618 corpora
1269 577 1430 605 somno.

167 634 233 665 490
255 625 322 676 [At
353 637 421 664 rex
454 625 674 678 Odrysius,
707 626 882 676 quamvis
914 626 1107 678 secessit,
1132 626 1172 664 in
1209 624 1272 664 illa

253 686 445 737 Aestuat3
477 690 516 723 et
547 690 733 736 repetens
766 685 903 723 faciem
937 690 1145 735 motusque
1178 695 1395 734 manusque

255 743 391 790 Qualia
423 743 505 782 vult
535 744 647 794 fingit
678 755 776 794 quae
808 743 982 781 nondum
1013 742 1137 795 vidit,
1169 748 1209 782 et
1238 744 1348 794 ignes

254 802 342 854 Ipse
375 814 468 841 suos
499 804 626 841 nutrit
656 814 750 840 cura
782 808 1008 840 removente
1041 813 1223 853 soporem
1238 800 1265 851 .]

255 860 339 900 Lux
371 866 484 914 erat,
516 867 556 900 et
586 862 722 912 generi
753 860 930 899 dextram
962 860 1187 911 complexus
1219 861 1350 899 euntis

167 928 232 959 495
255 920 430 959 Pandion
462 921 646 959 comitem
677 919 848 958 lacrimis
880 919 1128 958 commendat
1159 917 1332 958 obortis:

256 977 381 1018 ‘Hanc
412 990 508 1031 eg0,
541 990 629 1019 care
662 990 807 1031 gener,
840 979 1023 1029 quoniam
1054 979 1117 1029 pia
1150 989 1266 1017 causa
1299 978 1450 1030 coegit,

256 1037 305 1076 Et
335 1036 495 1076 voluere
528 1036 662 1076 ambae
681 1069 692 1089 ‚
725 1036 883 1076 voluisti
914 1042 956 1076 tu
990 1048 1146 1088 quoque
1165 1068 1176 1089 ,
1208 1035 1362 1088 Teren,

255 1096 311 1135 Do
343 1095 442 1135 tibi.
479 1108 630 1147 perque
662 1095 779 1134 fidem
810 1100 1052 1147 cognataque
1084 1101 1243 1147 pectora
1276 1094 1460 1147 supplex,

255 1155 331 1193 Per
363 1166 529 1206 superos
561 1166 631 1193 oro
650 1186 661 1207 ,
691 1155 818 1206 patrio
850 1160 894 1193 ut
925 1155 1073 1193 tuearis
1105 1166 1261 1207 amore,

167 1220 234 1254 500
255 1213 304 1252 Et
336 1213 430 1252 mihi
463 1212 652 1252 sollicitae
684 1212 855 1252 lenimen
888 1212 1001 1252 dulce
1034 1219 1215 1252 senectae

256 1271 381 1318 Quam
412 1272 583 1323 primum
616 1293 671 1299 -—·
704 1272 831 1310 omnis
870 1272 944 1310 erit
982 1270 1095 1310 nobis
1131 1283 1239 1310 mora
1278 1271 1389 1323 longa
1424 1293 1477 1299 -—

1066 1331 1264 1369 remittas.

254 1388 314 1429 Tu
353 1401 511 1440 quoque
550 1401 665 1440 quam
703 1390 873 1440 primum
906 1410 959 1416 —
993 1390 1087 1428 satis
1125 1396 1185 1428 est
1222 1388 1359 1440 procul
1392 1401 1479 1429 esse

1003 1459 1178 1486 sororem
1212 1468 1266 1475 —

256 1506 298 1546 Si
328 1508 454 1559 pietas
487 1506 562 1546 ulla
595 1512 684 1559 est,
716 1506 761 1546 ad
796 1518 887 1558 me,
920 1505 1131 1545 Philomela
1152 1538 1162 1558 ,
1194 1505 1320 1545 redito
1337 1503 1360 1545 .'

256 1565 488 1617 Mandabat,
519 1566 745 1617 pariterque
779 1577 871 1603 suae
903 1564 1018 1604 dabat
1049 1565 1180 1603 oscula
1212 1570 1349 1617 natae,

167 1632 233 1663 505
255 1624 304 1663 Et
334 1624 517 1663 lacrimae
549 1624 650 1662 dites
681 1625 785 1662 inter
817 1623 994 1662 mandata
1026 1623 1238 1662 cadebant.

257 1682 383 1734 thue
415 1682 490 1721 fide
521 1684 664 1734 pignus
696 1682 852 1721 dextras
884 1683 1093 1733 utriusque
1124 1683 1326 1734 poposcit,

254 1740 362 1780 Inter
394 1752 515 1792 seque
547 1741 656 1780 datas
687 1742 843 1793 iunxit,
875 1746 1083 1792 natamque
1115 1746 1377 1792 nepotemque

255 1798 447 1838 Absentes
479 1810 550 1850 pro
583 1811 625 1838 se
657 1800 823 1838 memori
853 1805 965 1850 rogat
996 1811 1064 1837 ore
1096 1799 1289 1851 salutent3

255 1857 573 1910 Supremumque
604 1857 686 1896 vale
717 1857 833 1909 pleno
866 1857 1101 1908 singultibus
1132 1870 1202 1896 ore

167 1925 234 1957 510
253 1915 325 1956 Vix
357 1916 484 1970 dixit,
515 1917 725 1968 timuitque
756 1927 850 1955 suae
881 1918 1081 1968 praesagia
1113 1917 1278 1955 mentis.

254 1974 306 2014 Ut
337 1975 457 2014 semel
487 1976 656 2027 inposita
688 1979 748 2014 est
778 1976 907 2026 pictae
938 1974 1152 2014 Philomela
1183 1975 1362 2026 carinae,

254 2033 542 2085 Admotumque
575 2034 719 2072 fretum
751 2035 871 2072 remis
903 2033 1098 2085 tellusque
1129 2032 1286 2085 repulsa
1318 2039 1403 2085 est,

256 2089 443 2131 ‘Vicimus
464 2089 488 2131 l’
522 2092 712 2131 exclamat
744 2089 913 2131 ‘mecum
945 2104 1030 2131 mea
1061 2098 1149 2130 vota
1180 2088 1401 2131 ferunturl'

254 2150 493 2202 Exultatque
525 2156 564 2189 et
594 2152 655 2189 vix
688 2152 816 2189 animo
849 2162 918 2189 sua
949 2150 1088 2201 gaudia
1119 2149 1250 2189 differt

168 2217 232 2248 515
253 2208 450 2248 Barbarus
469 2241 481 2261 ‚
513 2215 552 2248 et
583 2220 777 2260 nusquam
808 2208 941 2248 lumen
973 2208 1182 2259 detorquet
1208 2207 1254 2247 ab
1286 2208 1373 2247 illa:

255 2266 340 2305 Non
373 2267 485 2307 aliter
505 2299 516 2319 ‚
549 2279 664 2319 quam
696 2279 786 2306 cum
818 2266 984 2318 pedibus
1015 2266 1223 2318 praedator
1256 2266 1421 2307 obuncis

256 2324 447 2378 Deposuit
477 2325 569 2365 nido
601 2325 777 2379 leporem
809 2325 908 2365 Iovis
941 2324 1020 2364 ales
1052 2325 1094 2365 in
1125 2324 1225 2365 alto·
