1554 2563
148 105 239 146 >154
377 116 560 139 namanes
705 103 920 138 METAMM
934 131 942 139 .

273 214 381 260 Quae
408 220 564 253 torvum
596 213 701 265 ligno
735 213 890 266 decepit
921 213 1097 253 adultera
1127 218 1308 266 taurum,

273 273 581 324 Discordemque
614 278 727 312 utero
761 273 884 312 fetum
916 272 1033 312 tulit.
1074 272 1217 324 ecquid
1249 273 1294 311 ad
1322 284 1436 312 aures

273 331 513 371 Perveniunt
543 343 628 370 mea
660 331 762 370 dicta
795 338 880 371 tuas
899 328 920 370 ἵ)
951 343 1000 370 an
1032 332 1160 370 inania
1191 333 1297 370 venti

188 397 252 429 135
275 389 398 429 Verba
430 391 564 429 ferunt
581 421 592 442 ,
623 390 925 442 idemquextuas
944 422 955 442 ‚
986 391 1137 441 ingrate
1156 421 1167 443 ,
1199 387 1385 429 carinas?

274 449 352 488 iam
383 450 460 488 iam
491 448 709 500 Pasiphaen
740 461 818 488 non
851 454 911 488 est
942 448 1119 488 mirabile
1153 454 1308 488 taurum

272 508 552 560 praeposuisse
586 507 685 548 tibi:
716 513 760 548 tu
791 508 879 560 plus
911 508 1077 547 feritatis
1109 507 1300 547 habebas.

272 567 332 606 Me
365 566 577 606 miseram!
610 578 823 619 properare
856 568 988 619 iuvat,
1021 565 1248 618 divulsaque
1282 567 1399 605 remis

274 625 383 665 Unda
414 631 555 666 sonat.
594 637 748 665 mecum
781 625 896 665 simul
928 625 977 665 a!
1010 637 1094 664 mea
1128 631 1232 664 terra
1264 626 1436 664 recedit.

189 692 253 723 140
272 684 335 724 Nil
366 686 476 737 agis,
509 697 531 723 o
559 685 705 724 frustra
737 686 970 724 meritorum
1002 683 1120 723 oblite
1155 696 1355 724 meorum:

272 743 461 795 Insequar
492 744 658 783 invitum
676 775 687 796 ‚
718 745 959 796 puppimque
991 743 1166 794 amplexa
1197 755 1401 782 recurvam

273 802 348 841 Per
381 803 480 842 freta
510 802 624 854 longa
656 802 789 842 trahar
808 799 832 842 .’
870 803 933 842 vix
964 801 1144 855 dixerat,
1175 801 1297 841 insilit
1330 802 1467 853 undis,

274 861 620 912 Consequiturque
652 866 756 900 rates
776 893 786 913 ,
820 861 987 900 faciente
1019 860 1201 912 cupidine
1235 862 1360 914 vires,

273 919 565 971 Gnosiacaeque
597 920 733 959 haeret
765 932 895 959 comes
928 919 1117 959 invidiosa
1149 921 1325 959 carinae.

188 985 251 1018 145
274 979 399 1024 Quam
430 986 541 1030 pater
574 985 616 1018 ut
649 979 743 1018 vidit
762 1000 817 1007 —
844 991 934 1018 nam
965 980 1041 1018 iam
1072 978 1267 1030 pendebat
1298 980 1337 1018 in
1358 991 1496 1033 auras,

273 1037 322 1077 Et
352 1037 467 1077 modo
502 1038 626 1077 sactus
659 1044 742 1077 erat
775 1037 888 1077 fulvis
920 1038 1129 1077 haliaeetus
1162 1037 1232 1076 alis
1252 1059 1307 1066 —
1331 1046 1361 1072 r.
1383 1047 1494 1074 cxxiii.

273 1096 384 1149 Ibat,
418 1102 460 1135 ut
491 1097 718 1136 haerentem
751 1103 879 1136 rostro
912 1096 1104 1136 laceraret
1135 1096 1310 1136 adunco.

272 1155 338 1194 llla
370 1161 477 1194 metu
508 1157 671 1207 puppini
703 1156 878 1208 dimisit,
910 1162 950 1194 et
980 1167 1072 1195 aura
1106 1155 1308 1195 cadentem

274 1214 518 1253 Sustinuisse
551 1214 644 1253 levis
664 1246 675 1265 ,
707 1227 755 1253 nc
791 1221 968 1265 tangeret
1000 1226 1198 1267 aequora,
1229 1216 1310 1253 visa
1342 1221 1424 1255 est:

187 1280 251 1313 150
271 1272 407 1312 Pluma
440 1274 543 1312 suit:
574 1273 717 1326 plumis
750 1274 788 1312 in
821 1285 930 1311 avem
962 1278 1108 1312 mutata
1140 1279 1301 1312 vocatur

273 1331 372 1371 Ciris
385 1363 396 1384 ,
417 1337 456 1371 et
475 1343 495 1370 a
516 1337 628 1371 tonso
650 1337 710 1370 est
728 1331 802 1370 hoc
824 1343 965 1370 nomen
986 1331 1123 1383 adepta
1144 1331 1304 1383 capillo.
1337 1342 1365 1367 r.
1385 1341 1488 1368 cxxiv.

334 1390 427 1429 Vota
458 1390 538 1429 Iovi
570 1390 693 1429 Minos
728 1396 930 1429 taurorum
963 1402 1128 1442 corpora
1160 1396 1318 1430 centum

272 1449 423 1501 Solvit,
456 1454 499 1488 ut
531 1461 715 1500 egressus
748 1448 896 1488 ratibus
929 1448 1111 1488 Curetida
1143 1455 1288 1488 terram

271 1508 470 1560 Contigit3
503 1513 542 1547 et
573 1507 707 1559 spoliis
739 1507 918 1547 decorata
953 1514 1013 1547 est
1043 1509 1149 1559 regia
1180 1509 1288 1547 fixis.

189 1574 250 1605 155
272 1567 457 1606 Creverat
488 1566 744 1618 obprobrium
776 1568 961 1619 generis,
995 1567 1230 1618 foedumque
1256 1568 1412 1619 patebat

271 1625 405 1665 Matris
437 1625 674 1664 adulterium
705 1627 872 1664 monstri
903 1626 1073 1664 novitate
1105 1625 1304 1665 biformis.

274 1684 449 1723 Destinat
480 1684 587 1724 hunc
619 1684 744 1723 Minos
779 1684 955 1723 thalamis
988 1696 1188 1724 removere
1220 1685 1435 1739 pudorem,

270 1742 552 1794 Multiplicique
585 1742 700 1782 domo
732 1745 937 1794 caecisque
971 1743 1170 1782 includere
1204 1745 1339 1783 tectis.

270 1801 460 1841 Daedalus
492 1803 648 1853 ingenio
682 1800 812 1840 fabrae
845 1800 1126 1841 celeberrimus
1158 1804 1252 1841 artis

186 1868 251 1900 160
271 1860 386 1899 Ponit
418 1872 546 1912 opus;
580 1860 789 1911 turbatque
822 1867 933 1899 notas
952 1892 962 1912 ‚
996 1867 1034 1899 et
1065 1860 1211 1900 lumina
1243 1861 1385 1900 flexum

273 1918 386 1958 Ducit
416 1920 456 1957 in
489 1930 665 1958 errorem
692 1920 885 1957 variarum
917 1918 1076 1969 ambage
1110 1921 1279 1958 viarum.

270 1977 356 2016 Non
388 1989 504 2017 secus
535 1990 579 2016 ac
606 1978 777 2028 liquidus
810 1977 988 2028 Phrygiis
1019 1977 1248 2016 Maeandros
1281 1980 1320 2017 in
1352 1981 1452 2017 arvis

270 2035 417 2088 Ludit,
449 2042 489 2075 et
520 2035 700 2087 ambiguo
732 2036 843 2087 lapsu
874 2036 1082 2086 refluitque
1115 2037 1304 2090 fluitque,

271 2094 574 2146 Occurrcnsque
606 2094 680 2133 sihi
713 2100 897 2134 venturas
929 2096 1067 2146 aspicit
1098 2095 1244 2147 undas,

186 2160 249 2191 165
271 2152 320 2191 Et
352 2165 456 2192 nunc
489 2153 535 2192 ad
569 2153 697 2192 fontes
715 2184 726 2206 ,
760 2165 864 2192 nunc
896 2152 941 2192 ad
974 2165 1080 2192 mare
1115 2166 1249 2193 versus
1283 2162 1459 2207 apertum

272 2211 443 2250 incertas
476 2217 634 2251 exercet
665 2224 815 2263 aquas:
847 2213 900 2251 ita
926 2211 1114 2251 Daedalus
1145 2213 1281 2264 implet

271 2269 500 2309 Innumeras
533 2282 668 2309 errore
702 2271 810 2323 vias,
842 2271 981 2320 vixque
1014 2272 1096 2321 ipse
1130 2273 1274 2310 reverti

269 2327 326 2366 Ad
358 2327 476 2366 limen
510 2330 665 2380 potuit;
697 2334 803 2368 tanta
835 2335 894 2367 est
926 2329 1073 2368 fallacia
1106 2331 1221 2369 tecti.
