1554 2563
146 118 165 156 1
174 116 228 156 72
344 126 582 150 ERYSICBTHON
690 112 902 147 METAMM
917 141 924 148 .

260 226 501 275 Quamquam
533 223 669 262 aberat
699 223 842 275 longe,
874 233 1110 273 quamquam
1140 221 1255 260 modo
1288 229 1448 260 venerat

1367 279 1481 332 illuc,

260 342 347 380 Visa
379 348 508 380 tamen
540 342 711 380 sensisse
745 342 914 392 samem3
946 345 1133 390 retroque
1165 339 1354 377 dracones

260 401 348 451 Egit
378 401 419 439 in
450 399 702 438 Haemoniam
720 431 731 452 ,
762 400 887 437 versis
920 397 1096 437 sublimis
1127 397 1311 436 habenis.

320 459 429 498 Dicta
460 458 598 497 Fames
631 457 815 509 Cereris,
848 458 1022 508 quamvis
1054 457 1250 495 contraria
1281 468 1436 507 semper

172 527 239 558 815
260 518 368 557 Illius
400 522 461 556 est
491 518 630 569 operi,
662 517 840 568 peragit,
872 527 1020 567 perque
1053 519 1143 554 aera
1174 521 1290 554 vento

259 576 316 615 Ad
347 578 494 615 iussam
526 575 652 614 delata
682 575 840 614 domum
873 581 962 626 est,
994 580 1033 613 et
1064 574 1245 625 protinus
1276 574 1398 613 intrat

262 635 449 686 Sacrilegi
480 634 668 673 thalamos
687 665 698 687 ,
729 633 884 684 altoque
917 644 1058 684 sopore
1090 631 1262 671 solutum
1288 653 1343 660 -—-

261 693 395 732 Noctis
426 700 511 732 erat
541 699 696 744 tempus
729 714 783 719 ——
816 693 981 743 geminis
1013 691 1261 743 amplectitur
1292 690 1419 730 ulnis:

262 752 392 803 Seque
423 753 506 790 viro
539 753 733 804 inspirat,
766 751 976 801 faucesque
1008 756 1048 789 et
1078 756 1217 801 pectus
1248 754 1288 788 et
1318 761 1386 788 ora

173 819 241 850 820
261 811 376 849 Afssat
392 842 404 863 ,
436 816 476 849 et
506 811 546 849 in
577 811 709 849 vacuis
741 810 890 861 spargit
919 809 1064 848 ieiunia
1094 809 1226 847 venis.

262 869 511 919 [Functaque
542 869 725 907 mandato
759 868 971 907 secundum
1004 868 1151 907 deserit
1183 867 1343 919 orbem,

261 927 384 978 Inque
415 926 552 965 domos
583 927 720 978 inopes
739 957 750 979 ,
782 925 941 964 adsueta
974 925 1186 963 revertitur
1218 930 1328 963 antra
1342 923 1369 974 .]

263 985 380 1024 Lenis
412 985 538 1024 adhuc
570 996 731 1023 somnus
762 984 924 1035 placidis
955 982 1239 1034 Erysichthona
1271 983 1410 1034 pennis

263 1043 485 1083 Mulcebat:
516 1045 614 1095 petit
645 1043 708 1082 ille
742 1043 860 1094 dapes
892 1041 965 1081 sub
998 1043 1165 1092 imagine
1197 1042 1346 1093 somni,

176 1112 242 1142 825
265 1103 420 1154 Oraque
452 1114 549 1140 vana
580 1107 709 1140 movet
740 1101 976 1152 dentemque
1008 1102 1050 1139 in
1081 1101 1197 1139 dente
1230 1100 1386 1152 fatigat,

264 1161 512 1211 Exercetque
545 1160 631 1199 cibo
664 1160 846 1198 delusum
877 1164 1013 1210 guttur
1044 1160 1170 1210 inani,

264 1220 420 1271 Proque
453 1218 578 1270 epulis
605 1225 745 1257 tenues
778 1220 1015 1269 nequiquam
1048 1217 1208 1256 devorat
1233 1229 1370 1255 auras.

265 1278 316 1317 Ut
346 1289 438 1317 vero
471 1285 532 1316 est
562 1276 722 1328 expulsa
755 1278 867 1327 quies
886 1308 897 1328 ,
929 1277 1025 1314 furit
1055 1275 1173 1314 ardor
1205 1276 1369 1327 edendi,

264 1337 418 1388 Perque
451 1336 580 1375 avidas
612 1336 744 1374 fauces
776 1337 1032 1385 inmensaque
1064 1336 1213 1373 viscere
1245 1341 1403 1385 regnat.

177 1404 245 1435 830
265 1395 345 1434 Nec
365 1407 498 1433 mora:
523 1394 627 1445 quod
647 1400 816 1446 pontus,
843 1393 946 1444 quod
966 1398 1094 1444 terra,
1115 1392 1218 1444 quod
1238 1392 1380 1431 educat
1398 1396 1465 1431 aer
1477 1423 1489 1442 ‚

264 1454 426 1505 Poscit3
457 1458 497 1492 et
528 1454 715 1504 appositis
749 1454 928 1502 queritur
961 1453 1106 1490 ieiunia
1137 1452 1306 1502 mensis,

266 1512 387 1563 Inque
419 1511 546 1563 epulis
577 1511 711 1563 epulas
744 1512 926 1562 quaerit:
958 1509 1142 1561 quodque
1180 1509 1346 1549 urbibus
1378 1521 1488 1562 esse,

265 1570 457 1621 Quodque
490 1571 584 1609 satis
614 1569 759 1621 populo
791 1574 974 1621 poterat,
1005 1580 1084 1607 non
1117 1569 1262 1608 sufficit
1294 1569 1384 1608 uni:

266 1629 439 1680 Plusque
472 1630 610 1681 cupit,
642 1640 719 1679 quo
751 1627 863 1680 plura
895 1639 1005 1666 suam
1037 1626 1207 1666 demittit
1237 1629 1277 1666 in
1309 1627 1458 1667 alvum.

177 1696 245 1728 835
265 1688 393 1739 thue
427 1688 572 1726 fretum
602 1688 744 1738 recipit
775 1686 822 1725 de
854 1691 936 1725 tota
967 1685 1127 1724 ssumina
1159 1692 1288 1737 terra,

264 1747 346 1786 Nec
379 1747 542 1784 satiatur
573 1747 684 1796 aquis
703 1777 714 1797 ‚
745 1746 1056 1796 peregrinosque
1089 1743 1212 1783 ebibit
1242 1756 1399 1796 amnes,

266 1805 395 1856 thue
427 1816 545 1855 rapax
576 1805 677 1855 ignis
709 1815 787 1842 non
819 1815 1004 1854 umquam
1037 1802 1220 1842 alimenta
1250 1809 1430 1854 recusat,

267 1864 575 1914 Innumerasque
610 1861 739 1901 trabes
771 1867 948 1913 cremat,
979 1866 1020 1900 et
1050 1873 1127 1912 quo
1160 1862 1271 1913 copia
1302 1863 1425 1900 maior

266 1921 338 1960 Est
368 1921 455 1960 data
474 1953 485 1973 ‚
516 1921 628 1972 plura
659 1922 787 1973 petit,
817 1919 1011 1970 turbaque
1043 1921 1221 1958 voracior
1252 1920 1336 1971 ipsa
1367 1925 1451 1959 est:

179 1988 246 2019 840
268 1980 332 2019 Sic
364 1980 498 2031 epulas
531 1992 666 2018 omnes
697 1978 993 2030 Erysichthonis
1026 1990 1094 2017 ora
1124 1978 1278 2030 profani

267 2039 503 2090 Accipiunt,
534 2043 781 2089 poscuntque
814 2036 958 2076 simul.
996 2035 1108 2076 cibus
1140 2037 1267 2075 omnis
1293 2038 1333 2076 in
1364 2037 1430 2076 illo

268 2097 391 2136 Causa
424 2096 500 2135 cibi
532 2103 621 2149 est,
652 2108 886 2148 semperque
912 2094 1021 2133 locus
1054 2095 1097 2134 fit
1127 2096 1252 2134 inanis
1285 2094 1459 2134 edendo.

268 2155 426 2206 lamque
459 2155 557 2193 same
589 2156 734 2206 patrias
767 2154 919 2205 altaque
951 2154 1134 2204 voragine
1167 2154 1314 2192 ventris

268 2215 498 2252 Attenuarat
528 2225 654 2264 opes:
685 2212 754 2252 sed
785 2214 1026 2251 inattenuata
1057 2211 1238 2251 manebat

181 2280 247 2310 845
268 2271 369 2310 Tum
401 2283 557 2322 quoque
589 2271 673 2310 dira
705 2271 825 2310 fames
843 2302 855 2324 ,
885 2269 1176 2322 inplacataeque
1209 2269 1362 2321 vigebat

269 2329 438 2368 Flamma
476 2330 616 2380 gulae.
657 2329 842 2380 tandem,
872 2328 1041 2367 demisso
1079 2330 1118 2368 in
1157 2330 1306 2368 viscera
1344 2340 1488 2376 censu,
