1554 2563
549 107 582 141 X
597 134 605 150 ‚
631 106 797 142 725—X1
817 134 825 150 ‚
852 111 897 142 54
911 135 919 142 .
1053 119 1206 142 ORPm-:Us
1326 106 1410 148 217

186 216 273 256 Non
305 216 477 255 exauditi
507 215 730 256 rubuerunt
761 219 950 268 sanguine
982 219 1101 256 vatis.

126 284 167 315 20
187 276 240 314 Ac
271 277 442 326 primum
474 276 658 314 attonitas
691 277 903 315 etiamnum
935 288 1029 315 voce
1062 277 1238 315 canentis

187 333 417 373 Innumeras
449 334 628 373 volucres
661 346 886 385 anguesque
919 347 1136 386 agmenque
1169 336 1339 374 serarum

186 392 392 431 Maenades
425 391 571 443 Orphei
603 393 760 432 titulum
793 406 960 445 rapuere
992 393 1179 445 triumphi

186 451 279 490 Inde
313 453 527 490 cruentatis
561 457 769 491 vertuntur
800 454 840 490 ln
874 451 1029 503 Orphea
1061 453 1208 491 dextris

185 509 236 548 Et
267 516 411 549 coeunt
442 516 486 549 ut
516 522 635 563 aves,
667 512 700 549 si
731 510 886 561 quando
919 511 1006 550 luce
1039 517 1240 562 vagantem

122 575 166 607 25
185 568 320 607 Noctis
353 581 462 607 avem
494 574 690 608 cernunt.
730 576 961 621 Structoque
994 571 1192 620 utrimque
1225 569 1377 608 theatro

187 626 267 666 Ceu
300 629 488 666 matutina
521 639 660 667 cervus
692 630 894 679 periturus
925 628 1071 667 harena

186 685 336 725 Praeda
373 697 515 725 canum
553 693 642 738 est,
680 693 883 738 vatemque
921 692 1062 739 petunt
1099 693 1140 726 et
1175 687 1313 726 fronde

1238 747 1411 785 virentes

187 804 396 843 Coniciunt
427 804 612 857 thyrsos,
644 817 721 844 non
754 804 849 844 haec
880 806 920 844 in
953 817 1116 844 munera
1148 805 1294 856 factos3

185 862 267 902 Hae
299 862 453 915 glaebas
472 895 483 915 ,
514 863 602 902 illae
635 863 809 915 direptos
842 863 981 903 arbore
1013 876 1166 916 ramos,

123 929 166 961 30
185 922 281 961 Pars
314 928 501 972 torquent
532 922 689 961 silices.
729 935 805 961 neu
839 924 968 962 desint
998 922 1074 962 tela
1105 923 1253 974 furori,

185 981 304 1020 Forte
335 980 454 1019 boves
485 993 623 1032 presso
655 981 889 1033 subigebant
919 993 1077 1020 vomere
1109 987 1278 1032 terram,

185 1039 266 1078 Nec
296 1040 435 1091 procul
466 1039 557 1078 hinc
589 1040 711 1079 multo
745 1041 917 1080 fructum
949 1039 1092 1079 sudore
1123 1045 1306 1091 parantes

185 1098 290 1137 Dura
321 1098 504 1137 lacertosi
536 1098 735 1138 fodiebant
765 1111 854 1137 arva
887 1098 1037 1138 coloni.

186 1158 349 1207 Agmine
383 1158 450 1207 qui
481 1158 563 1195 viso
596 1158 751 1208 fugiunt
769 1189 780 1210 ,
812 1159 1021 1209 operisque
1053 1156 1284 1208 relinquunt

122 1223 166 1254 35
186 1217 303 1254 Arma
335 1217 425 1254 sui.
462 1227 684 1266 vacuosque
715 1218 845 1255 iacent
876 1216 1053 1267 dispersa
1083 1227 1155 1267 per
1186 1228 1300 1266 agros

187 1274 426 1325 Sarculaque
458 1276 654 1325 rastrique
686 1287 823 1326 graves
854 1274 1039 1326 longique
1070 1273 1243 1325 ligones.

186 1334 293 1379 Quae
325 1339 534 1384 postquam
564 1346 732 1384 rapuere
764 1334 870 1372 ferae
889 1366 900 1386 ,
933 1345 1136 1384 cornuque
1168 1334 1340 1372 minaces

185 1391 388 1431 Divulsere
419 1391 538 1431 boves
558 1424 569 1444 ,
601 1392 648 1431 ad
679 1394 776 1431 vatis
809 1393 885 1431 fata
917 1398 1154 1444 recurrunt,

185 1451 508 1501 Tendentemque
541 1462 678 1490 manus
710 1457 826 1502 atque
858 1450 923 1489 illo
955 1456 1133 1502 tempore
1164 1451 1336 1501 primum

122 1517 165 1548 40
185 1509 300 1548 Irrita
332 1509 528 1548 dicentem
560 1521 633 1548 nec
665 1511 874 1560 quicquam
905 1521 1000 1548 voce
1032 1515 1254 1547 moventem

187 1567 404 1619 Sacrilegae
437 1568 637 1618 perimunt
656 1597 665 1604 .
702 1580 852 1619 perque
878 1580 951 1620 os,
982 1580 1054 1619 pro
1081 1565 1285 1618 Iuppiter!
1316 1567 1412 1606 illud

185 1626 372 1665 Auditum
405 1627 507 1665 saxis
538 1626 859 1677 intellectumque
892 1627 1065 1665 ferarum

187 1684 376 1724 Sensibus
407 1686 448 1724 in
480 1690 617 1723 ventos
648 1687 775 1724 anima
807 1685 981 1724 exhalata
1013 1686 1200 1723 recessit.

186 1743 241 1782 Te
273 1748 444 1782 maestae
476 1743 686 1796 volucres,
717 1743 878 1794 Orpheu
896 1775 908 1796 ,
939 1749 978 1783 te
1011 1743 1125 1783 turha
1157 1743 1353 1796 ferarum,

122 1810 166 1841 45
187 1802 242 1841 Te
274 1802 391 1853 rigidi
422 1801 551 1841 silices
570 1834 582 1854 ‚
613 1808 652 1841 te
684 1804 856 1840 carmina
888 1814 1003 1853 saepe
1037 1808 1194 1841 secutae

185 1860 398 1900 Fleverunt
429 1860 575 1900 silvae:
606 1863 744 1912 positis
775 1866 814 1900 te
847 1860 1052 1899 frondibus
1083 1860 1200 1899 arbos

185 1919 315 1958 Tonsa
340 1931 492 1958 comam
516 1919 643 1959 luxit.
683 1919 871 1969 [lacrimis
901 1931 1058 1971 quoque
1091 1919 1250 1957 ssumina
1277 1919 1412 1958 dicunt

185 1978 403 2017 Increvisse
435 1980 547 2017 suis:
579 1978 840 2028 obstrusaque
873 1977 1033 2016 carbasa
1063 1977 1170 2029 pullo

184 2036 327 2075 Naides
358 2042 399 2076 et
429 2036 594 2088 dryades
626 2049 840 2088 passosque
873 2036 1046 2075 habuere
1080 2035 1238 2087 capillos
1253 2035 1281 2085 .]

122 2102 166 2134 50
185 2095 359 2134 Membra
384 2097 513 2134 iacent
533 2096 685 2134 diversa
711 2095 829 2134 locis.
870 2102 1005 2147 caput,
1031 2094 1185 2147 Hebre,
1211 2094 1410 2146 lyramque

186 2153 373 2205 Excipis:
405 2159 445 2193 et
470 2175 525 2182 —
551 2153 724 2193 mirum!
751 2175 805 2181 ——
832 2153 960 2192 medio
985 2153 1080 2192 dum
1106 2152 1248 2191 labitur
1275 2165 1411 2204 amne,

185 2211 331 2251 Flebile
363 2214 496 2251 nescio
530 2212 623 2263 quid
655 2213 835 2263 queritur
866 2212 948 2263 lyra
967 2244 977 2264 ‚
1009 2211 1137 2250 ssebile
1168 2211 1300 2263 lingua

184 2270 405 2310 Murmurat
436 2272 624 2310 exanimis
643 2303 655 2323 ‚
686 2270 928 2322 respondent
959 2269 1088 2309 ssebile
1120 2272 1251 2322 ripae.

185 2328 343 2381 Iamque
376 2341 482 2369 mare
514 2332 689 2368 invectae
721 2330 867 2368 flumen
899 2329 1087 2381 populare
1119 2329 1373 2381 relinquunt,
