1554 2563
167 97 251 139 266
448 111 528 133 A1Ax
721 98 933 133 METAMM
947 124 956 134 .

284 208 384 247 Huic
417 209 503 247 date
524 204 548 246 1’
582 213 622 247 et
652 208 823 248 ostendit
855 209 1010 260 signum
1042 208 1154 247 fatale
1186 208 1404 248 Minervae.

342 267 445 306 Mota
469 279 607 306 manus
627 279 837 318 procerum
864 272 924 306 est
941 298 951 319 ,
978 273 1017 306 et
1036 267 1130 318 quid
1150 267 1329 306 facundia
1348 273 1506 322 posset,

284 325 340 364 Re
366 327 520 378 patuit3
553 326 744 377 fortisque
777 327 849 364 viri
881 325 970 365 tulit
1001 338 1107 365 arma
1139 325 1333 364 disertus.

284 383 454 423 Hectora
486 385 554 435 qui
585 384 721 437 solus,
755 386 821 435 qui
854 385 1003 423 ferrum
1035 385 1242 435 ignemque
1275 384 1482 436 Iovemque

197 450 265 482 385
287 442 484 482 Sustinuit
515 445 660 482 totiens
679 475 689 495 ,
722 456 839 482 unam
872 455 948 481 non
981 445 1150 482 sustinet
1180 444 1301 482 iram:

285 501 556 552 Invictumque
588 503 714 541 virum
746 503 866 540 vincit
897 502 1035 540 dolor.
1075 502 1212 553 arripit
1243 514 1400 554 ensem,

284 559 334 599 Et
366 557 491 600 ‘meus
523 559 586 599 hic
619 566 725 599 certe
758 567 844 599 est.
885 573 932 599 an
965 566 1004 599 et
1035 560 1139 599 hunc
1172 559 1245 598 sibi
1277 562 1402 612 poscit

1342 616 1507 658 Ulixes?

286 675 385 717 Hoc'
418 680 470 717 ait
497 675 702 717 ‘utendum
730 685 788 717 est
819 679 858 717 in
891 690 952 717 me
985 678 1107 716 mihi.
1147 679 1293 729 quique
1325 690 1466 717 cruore

286 736 409 788 Saepe
435 737 634 788 Phrygum
660 736 835 789 maduit,
867 736 1015 775 domini
1039 748 1145 775 nunc
1171 736 1287 776 caede
1314 736 1508 790 madebit,

196 803 264 834 390
284 795 341 834 Ne
374 796 581 846 quisquam
612 795 767 834 Aiacem
798 796 923 846 possit
954 807 1142 846 superare
1174 796 1249 834 nisi
1280 796 1373 834 Aiax
1389 792 1412 834 .'

283 853 416 906 Dixit,
449 860 488 893 et
519 855 559 893 in
591 860 731 905 pectus
764 860 848 893 tum
881 853 1038 893 demum
1069 853 1229 893 vulnera
1261 865 1419 905 passum

285 912 370 958 Qua
400 914 527 964 patuit
557 914 736 966 ferrum,
767 912 921 951 letalem
953 911 1127 952 condidit
1157 925 1312 951 ensem.

284 970 365 1010 Nec
397 971 553 1011 valuere
585 983 724 1010 manus
755 972 918 1010 infixum
950 971 1118 1010 educere
1151 971 1297 1011 telum:

283 1028 444 1081 Expulit
474 1032 558 1082 ipse
591 1042 738 1083 cruor3
770 1029 1050 1081 rubefactaque
1084 1031 1271 1081 sanguine
1304 1029 1419 1069 tellus

197 1097 266 1130 396
283 1087 533 1140 Purpureum
565 1089 679 1127 viridi
710 1090 845 1140 genuit
871 1089 917 1128 de
944 1090 1113 1140 caespite
1139 1089 1300 1140 ssorem,
1332 1096 1358 1122 f·
1377 1097 1506 1123 clxxvii.
1552 1087 1554 1089 ’

286 1146 362 1193 Qui
392 1149 502 1198 prius
536 1147 694 1186 Oebalio
726 1148 855 1186 fuerat
886 1147 933 1186 de
966 1147 1126 1186 vulnere
1158 1153 1295 1186 natus.

285 1205 432 1244 Littera
464 1207 682 1245 communis
715 1206 856 1244 mediis
887 1218 1090 1257 pueroque
1122 1207 1284 1256 viroque

285 1264 477 1316 Inscripta
509 1270 568 1303 est
600 1264 730 1317 foliis,
760 1264 856 1303 haec
887 1266 1084 1316 nominis,
1116 1264 1179 1302 illa
1212 1264 1428 1315 querellae.

344 1322 477 1362 Victor
509 1323 556 1362 ad
589 1323 818 1374 Hypsipyles
851 1325 1014 1373 patriam
1047 1322 1218 1373 clarique
1251 1322 1437 1362 Thoantis

196 1389 265 1421 400
285 1381 334 1420 Et
365 1387 542 1420 veterum
575 1387 700 1421 terras
731 1382 895 1420 infames
927 1381 1044 1420 caede
1076 1382 1250 1420 virorum

246 1435 260 1454 ‘⁸
285 1440 376 1478 Vela
409 1440 501 1493 dat,
533 1445 577 1479 ut
607 1440 754 1479 referat
784 1439 988 1491 Tirynthia
1019 1439 1123 1492 tela,
1156 1441 1337 1490 sagittas.
1552 1475 1554 1477 .

287 1499 394 1544 Quae
414 1504 621 1550 postquam
641 1499 687 1537 ad
708 1498 844 1537 Graios
861 1530 872 1551 ,
898 1498 1055 1537 domino
1076 1499 1285 1537 comitante
1298 1529 1308 1550 ,
1337 1500 1509 1551 revexit,
1551 1550 1554 1554 ι

284 1558 457 1609 Inposita
489 1563 549 1596 est
580 1569 668 1596 sero
695 1557 851 1596 tandem
884 1569 1021 1596 manus
1053 1557 1187 1596 ultima
1218 1556 1342 1596 hello.

288 1616 423 1665 [Troia
462 1616 577 1655 simul
608 1615 865 1666 Priamusque
905 1616 1077 1655 cadunt:
1108 1615 1300 1654 Priameia
1339 1617 1508 1655 coniunx
1546 1622 1554 1674 Ἰ

198 1683 265 1714 405
287 1674 461 1713 Perdidit
492 1674 626 1713 infelix
658 1674 826 1712 hominis
858 1680 946 1725 post
978 1675 1107 1712 omnia
1139 1674 1326 1726 formam,

286 1733 559 1784 Externasque
592 1745 691 1771 novo
723 1733 863 1771 latratu
897 1734 1039 1771 terruit
1071 1744 1208 1784 auras,

285 1791 442 1842 Longus
475 1793 514 1830 in
547 1797 755 1843 angustum
788 1802 863 1842 qua
895 1790 1089 1829 clauditur
1120 1789 1440 1842 Hellespontus]

286 1850 383 1889 Ilion
417 1849 605 1902 ardebat,
637 1862 766 1901 neque
798 1849 924 1888 adhuc
957 1849 1189 1888 consederat
1220 1850 1344 1901 ignis,

288 1908 579 1960 [Exiguumque
611 1910 717 1947 senis
747 1908 892 1946 Priami
922 1907 1022 1946 Iovis
1054 1919 1119 1946 ara
1151 1919 1333 1946 cruorem

197 1975 266 2007 410
287 1967 525 2006 Conbiberat
544 1997 552 2005 .
591 1972 754 2006 tractata
786 1967 907 2005 comis
940 1967 1112 2004 antistita
1142 1964 1292 2005 Phoebi

286 2026 371 2064 Non
404 2026 650 2077 profecturas
682 2024 865 2064 tendebat
897 2024 943 2063 ad
976 2024 1133 2063 aethera
1164 2024 1331 2075 palmas.

285 2084 523 2122 Dardanidas
555 2090 700 2122 matres
731 2085 950 2135 patriorum
982 2084 1090 2133 signa
1121 2082 1309 2135 deorum,

285 2142 385 2181 Dum
418 2142 508 2181 licet
526 2173 536 2194 ,
569 2142 764 2193 amplexas
783 2173 793 2192 ,
826 2153 1091 2191 succensaque
1124 2140 1268 2192 templa
1299 2147 1480 2180 tenentes

286 2200 479 2239 Invidiosa
510 2200 671 2239 trahunt
703 2202 872 2239 victores
903 2200 1075 2251 praemia
1108 2198 1219 2237 Grai.

197 2265 265 2297 415
285 2258 453 2297 Mittitur
483 2258 677 2310 Astyanax
708 2258 784 2297 illis
817 2258 864 2296 de
896 2257 1073 2297 turribus
1092 2288 1103 2309 ,
1134 2257 1239 2296 unde

284 2315 529 2367 Pugnantem
561 2328 632 2368 pro
666 2328 707 2355 se
738 2317 990 2368 proavitaque
1023 2327 1144 2366 regna
1175 2321 1353 2354 tuentem
