1554 2563
1284 117 1403 152 XXIII

64 227 330 278 typographis
360 227 569 277 postmodo
601 229 840 266 correctum:
879 227 948 266 sed
983 228 1120 265 tamen
1153 227 1212 265 ita
1242 227 1404 277 Apollo-

63 287 153 325 nius
190 294 225 324 11
248 287 358 324 1236
404 295 452 325 IV
475 287 605 335 1692,
645 286 706 324 uti
742 286 863 324 etiam
899 286 941 323 in
971 286 1187 324 Amol-ibus
1225 288 1266 325 et
1298 287 1403 336 apud

64 345 318 394 Propertium
350 345 493 383 editur.
531 353 580 382 IX
602 346 684 383 666
717 344 989 382 Herodianum
1020 346 1178 383 secutus
1212 357 1310 382 sum.

64 400 162 442 509.
212 411 361 442 OMNIA
404 410 568 441 HABET.
630 411 788 441 RERUM
832 410 1008 442 s'rArth
1051 410 1154 442 xs'rE
1198 411 1404 442 MEARUM.

64 463 194 500 omnia
224 472 321 509 quae
351 462 391 499 M
422 463 545 500 omnis
585 465 645 501 eat
674 461 753 499 LE.
802 474 1015 510 posueram
1050 462 1289 500 locutionem
1327 474 1406 500 ser-

64 520 191 559 monis
236 520 378 570 Attici,
428 532 546 570 quam
594 532 699 558 nunc
748 520 972 570 quindecim
1021 521 1259 559 comicorum
1308 521 1406 559 locis

63 579 261 617 variatam
299 578 459 617 exhibet
496 579 544 616 H.
577 579 734 617 Jacobii
772 579 867 617 olim
904 578 1033 617 nostri
1065 578 1171 617 Com.
1205 579 1296 617 dict.
1328 579 1406 618 ind.

63 651 128 686 pp.
149 638 232 676 811
268 638 365 675 812.
413 639 505 686 post
529 638 650 681 habet,
683 638 717 675 si
742 637 869 676 levius
894 638 1169 688 interpungas,
1195 639 1275 685 iste,
1302 638 1408 687 quod

64 695 261 745 sequitur,
304 696 490 745 respiciet
534 696 585 734 ad
623 698 715 734 ante
752 696 871 745 dicta,
913 698 960 734 ut
990 709 1026 735 v.
1047 697 1130 734 485
1171 707 1216 734 ea
1252 697 1408 744 foedera

63 756 193 800 nobis,·
237 754 271 793 si
301 755 482 804 gravius,
520 756 566 793 ut
601 755 695 804 feci,
737 755 917 804 proxima
953 755 1255 804 intellegentur,
1294 755 1407 804 quasi

64 812 241 862 dicatur,
277 816 321 851 ut
355 825 432 851 nort
468 814 608 861 desint,
644 814 728 851 fere
765 814 826 852 uti
861 813 985 851 habes
1018 822 1067 850 IX
1089 814 1173 851 630
1212 816 1319 852 tanta
1356 817 1409 852 est

64 872 258 910 discordia
292 873 447 911 mentis:
473 892 527 900 -—
553 873 640 911 libet
677 875 869 920 temptare.
923 872 1104 921 proxima
1135 871 1273 910 dubito
1312 884 1408 910 num

64 930 268 969 intellecta
305 931 402 968 sint:
446 933 604 979 superat
638 931 733 970 mihi
768 931 894 974 miles,
935 931 974 968 h.
1005 943 1038 968 e.
1069 932 1182 968 tanto
1215 931 1310 968 sunt
1339 943 1408 968 nu-

65 1001 192 1040 mero,
235 991 282 1027 ut
325 989 430 1027 bona
471 1001 565 1038 pars
608 990 716 1028 hosti
758 989 883 1039 proici
924 989 1096 1038 possint,
1146 989 1250 1038 quod
1295 1001 1409 1027 omen

64 1048 207 1086 deinde
240 1046 437 1097 Cephalus
475 1048 728 1098 depreeatur,
768 1048 935 1086 meliora
971 1048 1012 1085 et
1050 1048 1251 1085 contraria
1283 1049 1408 1096 optat.

64 1106 266 1155 Hauptius
308 1107 427 1156 longe
464 1106 683 1145 obscurius.
821 1102 906 1145 529
945 1113 1149 1144 IGNAVOS
1190 1113 1407 1144 INCLUSIT

66 1172 296 1204 NOCTmUS
328 1172 513 1203 AEs'rUs.
561 1166 726 1204 nubibus
757 1168 884 1204 aestus
914 1165 1019 1214 libri,
1051 1164 1156 1213 quod
1182 1165 1312 1203 scaevi
1340 1165 1409 1202 ali-

65 1224 161 1272 quid
191 1224 323 1262 habet.
373 1224 631 1262 memineram
661 1224 781 1262 Plim'i
812 1224 913 1272 Epp.
935 1231 984 1261 VI
1020 1225 1071 1261 16
1109 1225 1180 1261 17:
1218 1224 1299 1262 iam
1329 1224 1410 1262 dies

65 1283 170 1330 alibi,
200 1283 280 1321 illie
308 1294 384 1320 nox
414 1284 590 1321 omnibus
618 1283 790 1321 noctibus
818 1283 968 1330 riiyrior
999 1282 1232 1329 densiorque.

66 1337 153 1380 612
184 1341 416 1380 NATORUM
449 1349 780 1387 QUERIBUNDAE
814 1349 1006 1379 ANIMAE.
1058 1340 1323 1388 Natorumque
1352 1342 1409 1379 ui-

65 1411 225 1447 rumque
250 1401 404 1438 animae
424 1399 529 1449 libri,
555 1400 698 1439 vitioso
718 1400 802 1438 sine
822 1399 959 1449 dubio3
992 1399 1061 1438 sed
1086 1411 1158 1437 nec
1183 1399 1410 1437 coniectura

66 1458 146 1496 ista
182 1458 389 1496 satisfacit.
450 1459 562 1496 elisio
594 1459 798 1507 eiusmodi,
841 1460 887 1496 ut
918 1466 966 1495 IV
986 1458 1070 1495 445
1110 1459 1291 1505 antiquae
1326 1459 1409 1496 irni-

67 1518 224 1566 tamina,
255 1517 351 1555 Hor.
370 1516 495 1565 Epod.
517 1518 540 1555 3
578 1519 647 1555 16:
681 1517 829 1555 similes
861 1524 910 1554 IV
931 1517 1014 1554 228
1047 1524 1096 1554 VI
1119 1518 1200 1554 656
1234 1524 1302 1554 XII
1324 1518 1407 1555 407

67 1584 130 1613 xv
151 1577 234 1613 217
268 1576 351 1614 497
388 1576 484 1614 776.
605 1572 689 1613 636
721 1576 785 1613 ET
812 1582 1113 1613 PRom'rTERE
1138 1583 1254 1612 IDEM
1282 1582 1410 1612 'rom-

66 1641 270 1680 DEMQUE.
331 1633 540 1673 verissima
582 1634 678 1672 haec
722 1634 844 1672 solius
883 1633 923 1670 M
964 1633 1163 1681 scriptura
1199 1633 1249 1670 ab
1289 1633 1410 1671 inter·

67 1693 314 1742 polatoribus
335 1694 376 1730 et
395 1692 626 1741 editoribus,
659 1705 705 1730 ex
737 1705 813 1741 quo
845 1692 1021 1729 innotuit
1044 1692 1087 1729 in
1105 1692 1229 1740 praef.
1249 1692 1406 1741 proecd.

66 1764 104 1800 p.
125 1760 192 1801 IV,
229 1751 432 1789 intellecta
469 1763 548 1789 non
585 1754 656 1789 est.
710 1751 934 1799 promittere
972 1762 1051 1788 non
1088 1752 1150 1788 est
1188 1746 1410 1800 ‘polliceri',

35 1840 38 1843 .
68 1810 137 1848 sed
174 1809 401 1859 significatu
437 1810 617 1859 proprio,
655 1822 731 1859 quo
770 1810 886 1848 arbor
915 1820 1046 1848 ramos
1075 1810 1267 1857 promittit
1304 1809 1409 1857 apud

68 1867 341 1919 Columellam,
371 1879 411 1907 se
434 1870 626 1916 promittit
655 1868 761 1917 apud
780 1867 965 1906 Plinium.
1014 1868 1056 1905 in
1084 1879 1131 1905 ea
1161 1867 1409 1916 proprietate

66 1927 279 1965 verborum
309 1926 478 1965 maxime
508 1927 550 1964 in
580 1939 623 1965 re
656 1927 807 1965 rustica
837 1926 938 1964 nihil
969 1927 1032 1964 est
1056 1925 1304 1975 frequentius
1334 1938 1409 1963 usu

66 1986 321 2024 intransitivo
349 1985 664 2024 transitivorum.
712 1986 813 2023 idem
843 1986 906 2023 est
936 1985 1198 2033 accusativus,
1230 1984 1299 2023 sed
1330 1996 1409 2022 non

68 2044 211 2082 obiecti
250 2045 316 2093 qui
355 2044 517 2093 dicitur3
555 2056 672 2093 quem
710 2043 922 2081 admodum
962 2051 1016 2080 111
1040 2044 1119 2081 152
1160 2043 1277 2081 distat
1311 2043 1410 2080 idem

68 2105 130 2140 est
168 2111 200 2140 x
222 2104 303 2141 175
342 2104 466 2150 spatio
502 2104 598 2151 pari
634 2103 810 2142 distabat.
872 2113 1038 2151 quercus
1082 2101 1232 2150 patulis
1275 2101 1410 2149 ramis,

69 2174 103 2198 v.
126 2162 221 2210 622,
253 2161 452 2210 prominet
475 2161 518 2198 in
542 2173 641 2199 arva
659 2162 837 2204 subiecta,
869 2173 906 2198 v.
928 2161 1025 2209 638,
1057 2172 1133 2209 quo
1154 2159 1411 2197 decutiuntur

67 2219 266 2258 formicae.
316 2220 425 2258 locus
450 2219 652 2258 luculento
678 2219 856 2267 exemplo
882 2218 959 2256 erit
984 2219 1069 2256 eius
1095 2218 1271 2255 nefariae
1289 2218 1410 2255 inter-

68 2278 293 2328 polationis,
325 2290 426 2328 quae
456 2278 547 2316 inde
579 2278 628 2315 ab
661 2279 792 2315 aetate
825 2276 969 2315 codicis
995 2276 1028 2314 L
1059 2277 1134 2315 hoc
1164 2288 1323 2314 carmen
1353 2276 1410 2313 in-

69 2335 241 2375 festavit.
411 2333 494 2375 687
541 2344 626 2375 SED
677 2344 790 2374 ΕΝΙΜ
834 2343 1050 2373 NARRARE
1094 2342 1269 2373 Punoiu
1314 2341 1412 2372 Es'r.
