1554 2563
126 148 212 188 324
230 157 232 161 “
325 157 556 181 AnchLAmUs
678 143 892 178 METAMM
908 171 916 179 ,

246 256 494 296 Conveniunt
524 265 689 306 operosa
720 253 813 306 dei,
845 265 997 305 quaque
1029 254 1113 305 ipse
1145 256 1289 294 morari

247 314 348 354 Sede
378 313 500 366 velit,
531 313 653 364 signis
685 312 919 351 caelestibus
950 311 1126 366 indicet,
1157 320 1289 352 orant.

245 373 313 411 Vix
345 372 446 412 bene
477 371 703 424 desierant,
734 383 825 410 cum
856 371 986 410 cristis
1017 383 1161 410 aureus
1192 372 1278 411 altis

159 432 288 471 670111
321 435 505 482 serpente
537 430 635 469 deus
665 430 898 481 praenuntia
929 428 1040 468 sibila
1072 431 1178 469 misit
1303 439 1328 465 r.
1351 439 1448 466 oexvu

246 490 501 540 Adventuque
533 500 604 528 suo
637 490 869 539 signumque
901 499 1066 539 arasque
1099 489 1282 540 foresque

248 548 588 598 Marmoreumque
620 547 747 586 solum
777 547 1008 598 fastigiaque
1040 558 1158 586 aurea
1188 549 1332 601 movit,

246 605 555 657 l'ectoribusque
587 611 703 645 tenus
734 606 860 644 media
891 604 1069 644 sublimis
1101 607 1141 644 in
1173 605 1267 645 aede

248 665 431 704 Constitit
462 670 578 715 atque
611 663 746 703 oculos
778 664 1020 703 circumtulit
1050 665 1139 715 igne
1171 666 1382 705 micantes.

159 733 226 763 675
248 724 402 762 Territa
432 723 547 762 turba
577 729 719 774 pavet.
759 724 940 774 cognovit
970 724 1131 762 numina
1162 728 1290 762 castos

246 782 433 821 Evinctus
465 783 558 820 vitta
590 783 719 820 crines
751 780 905 820 albente
938 781 1143 834 sacerdos,
1253 785 1258 790 ’

246 840 295 879 Et
327 838 447 879 ‘Deus
479 853 557 893 en3
589 840 686 879 deus
718 839 795 879 en!
828 840 967 878 animis
998 839 1221 891 linguisque
1253 841 1407 895 favete,

247 900 433 950 Quisquis
465 898 557 937 ades
577 895 602 938 1²
635 898 732 938 dixit
763 895 832 937 ‘sis
850 930 861 950 ‚
894 911 916 936 o
947 897 1211 950 pulcherrime
1230 930 1241 951 ‚
1273 901 1379 939 visus

247 957 432 1010 Utiliter,
463 957 708 1009 populosque
734 958 844 996 iuves
875 962 940 996 tua
973 969 1083 996 sacra
1114 957 1287 997 colentes
1301 955 1325 996 .'

158 1025 225 1055 680
247 1017 434 1067 Quisquis
465 1016 604 1068 adest,
634 1017 762 1054 visum
792 1020 1002 1055 veneratur
1032 1027 1178 1055 numen
1196 1048 1208 1068 ‚
1240 1022 1279 1055 et
1309 1029 1443 1056 omnes

245 1074 370 1113 Verba
403 1075 617 1114 sacerdotis
648 1075 827 1114 referunt
857 1075 1079 1126 geminata,
1109 1076 1296 1126 piiimque

247 1133 448 1172 Aeneadae
480 1138 682 1184 praestant
713 1139 753 1172 et
784 1138 913 1172 mente
947 1138 985 1172 et
1015 1145 1110 1171 voce
1142 1133 1335 1173 favorem.

246 1193 392 1231 Annuit
423 1192 483 1230 his
502 1223 513 1244 ‚
544 1193 738 1242 motisque
771 1191 869 1230 deus
900 1196 983 1230 rata
1014 1193 1175 1242 pignera
1207 1193 1336 1231 cristis

245 1249 295 1288 Et
326 1251 493 1301 repetita
525 1249 632 1288 dedit
662 1249 810 1288 vibrata
836 1249 946 1288 sibila
977 1249 1131 1300 lingua.

157 1316 224 1366 685>
245 1308 344 1347 Tum
376 1307 561 1359 gradibus
592 1308 725 1346 nitidis
757 1307 950 1347 delabitur
968 1339 979 1360 ‚
1011 1320 1156 1359 oraque
1188 1315 1295 1348 retro

244 1367 386 1406 Flectit
416 1372 455 1405 et
486 1367 664 1417 antiquas
696 1366 874 1405 abiturus
906 1368 1067 1418 respicit
1097 1378 1208 1420 aras,

244 1426 509 1476 Assuetasque
540 1424 677 1463 domos
707 1424 955 1475 habitataque
987 1424 1131 1476 templa
1162 1425 1323 1465 salutat.

244 1483 338 1522 Inde
370 1496 442 1535 per
472 1485 627 1523 iniectis
659 1483 886 1534 adopertam
916 1482 1079 1522 floribus
1110 1485 1248 1534 ingens

246 1542 377 1593 Serpit
395 1542 578 1594 humum,
598 1541 798 1592 flectitque
819 1543 952 1595 sinus,
971 1541 1216 1593 mediamque
1235 1555 1308 1595 per
1328 1543 1464 1583 urbem

157 1609 225 1640 690
246 1601 389 1640 Tendit
419 1601 466 1640 ad
497 1602 660 1640 incurvo
692 1602 864 1639 munitos
897 1612 1037 1652 aggere
1068 1607 1229 1652 portus.

246 1659 405 1698 Restitit
435 1659 499 1698 hic
517 1690 528 1711 ‚
560 1671 777 1710 agmenque
808 1671 925 1698 suum
956 1658 1173 1710 turbaeque
1205 1662 1406 1711 sequentis

245 1718 427 1756 Officium
459 1717 609 1769 placido
642 1719 748 1757 visus
782 1717 977 1756 dimittere
1008 1717 1118 1757 vultu

245 1776 396 1827 Corpus
427 1777 468 1814 in
499 1776 670 1815 Ausonia
699 1777 831 1827 posuit
861 1781 972 1814 rate.
1011 1777 1183 1815 numinis
1213 1776 1277 1816 illa

246 1834 376 1873 Sensit
407 1847 536 1887 onus,
567 1846 704 1885 pressa
736 1840 872 1885 estque
904 1833 967 1872 dei
998 1836 1184 1885 gravitate
1216 1837 1368 1874 carina.

156 1901 222 1933 695
243 1892 446 1932 Aeneadae
477 1893 648 1944 gaudent
665 1925 676 1945 ‚
709 1905 903 1944 caesoque
934 1894 974 1931 in
1006 1892 1119 1932 litore
1150 1898 1263 1932 tauro

244 1951 363 1990 Torta
394 1957 601 1990 coronatae
633 1951 789 1990 solvunt
818 1950 1034 1990 retinacula
1065 1951 1222 1991 classis.

244 2010 456 2061 Impulerat
485 2010 581 2049 levis
613 2022 708 2048 aura
738 2015 891 2049 ratem:
924 2009 1020 2048 deus
1053 2011 1199 2049 eminet
1229 2010 1328 2063 alte,

243 2068 505 2119 Impositaque
537 2080 721 2119 premens
753 2070 915 2119 puppim
946 2069 1098 2107 cervice
1130 2080 1335 2108 recurvam

246 2126 452 2165 Caeruleas
485 2127 686 2178 despectat
717 2138 836 2177 aquas
856 2158 864 2165 .
902 2126 1144 2177 modicisque
1175 2139 1247 2179 per
1279 2139 1424 2178 aequor

157 2192 224 2223 700
244 2184 397 2223 lonium
428 2185 606 2236 zephyris
638 2191 747 2223 sexto
779 2184 1013 2224 Pallantidos
1046 2190 1135 2224 ortu

208 2287 211 2290 Α
243 2241 392 2281 Italiam
423 2245 580 2296 tenuit,
611 2249 845 2294 praeterque
878 2243 1034 2282 Lacinia
1065 2243 1209 2295 templo

243 2299 452 2339 Nobilitata
484 2301 578 2340 deae
612 2301 871 2353 Scylaceaque
904 2301 1017 2340 litora
1049 2302 1197 2353 fertur,

168 2378 222 2385 —
245 2357 405 2408 Linquit
436 2359 628 2411 Iapygiam
647 2391 657 2411 ,
689 2360 886 2411 laevisque
918 2360 1138 2411 Amphrisia
1168 2361 1287 2399 remis
