<?xml version="1.0" encoding="UTF-8"?>
<!DOCTYPE html PUBLIC "-//W3C//DTD XHTML 1.0 Transitional//EN"
    "http://www.w3.org/TR/xhtml1/DTD/xhtml1-transitional.dtd">
<html xmlns="http://www.w3.org/1999/xhtml" xml:lang="en" lang="en">
 <head>
  <title>
</title>
<meta http-equiv="Content-Type" content="text/html;charset=utf-8" />
  <meta name='ocr-system' content='tesseract 3.04.00' />
  <meta name='ocr-capabilities' content='ocr_page ocr_carea ocr_par ocr_line ocrx_word'/>
</head>
<body>
  <div class='ocr_page' id='page_1' title='image "./operaovid02oviduoft_0176.png"; bbox 0 0 1554 2563; ppageno 0'>
   <div class='ocr_carea' id='block_1_1' title="bbox 103 131 887 175">
    <p class='ocr_par' dir='ltr' id='par_1_1' title="bbox 103 131 887 175">
     <span class='ocr_line' id='line_1_1' title="bbox 103 131 887 175; baseline -0.003 -5"><span class='ocrx_word' id='word_1_1' title='bbox 103 132 186 175; x_wconf 77' lang='lat'>104</span> <span class='ocrx_word' id='word_1_2' title='bbox 328 146 508 168; x_wconf 55' lang='lat' dir='ltr'>namnum</span> <span class='ocrx_word' id='word_1_3' title='bbox 651 131 865 167; x_wconf 84' lang='lat' dir='ltr'>METAMM</span> <span class='ocrx_word' id='word_1_4' title='bbox 879 160 887 168; x_wconf 92' lang='lat'><em>.</em></span> 
     </span>
    </p>
   </div>
   <div class='ocr_carea' id='block_1_2' title="bbox 215 240 1437 342">
    <p class='ocr_par' dir='ltr' id='par_1_2' title="bbox 215 240 1437 342">
     <span class='ocr_line' id='line_1_2' title="bbox 215 240 1437 296; baseline 0 -14"><span class='ocrx_word' id='word_1_5' title='bbox 215 240 359 282; x_wconf 78' lang='lat' dir='ltr'>“‘Pars</span> <span class='ocrx_word' id='word_1_6' title='bbox 390 255 462 295; x_wconf 80' lang='lat' dir='ltr'>ego</span> <span class='ocrx_word' id='word_1_7' title='bbox 495 242 753 295; x_wconf 82' lang='lat' dir='ltr'>nympharum</span> <span class='ocrx_word' id='word_1_8' title='bbox 771 274 782 296; x_wconf 95' lang='lat'>,</span> <span class='ocrx_word' id='word_1_9' title='bbox 814 254 913 294; x_wconf 87' lang='lat' dir='ltr'>quae</span> <span class='ocrx_word' id='word_1_10' title='bbox 934 248 1026 282; x_wconf 89' lang='lat' dir='ltr'>sunt</span> <span class='ocrx_word' id='word_1_11' title='bbox 1045 244 1086 283; x_wconf 90' lang='lat' dir='ltr'>in</span> <span class='ocrx_word' id='word_1_12' title='bbox 1106 242 1274 282; x_wconf 83' lang='lat' dir='ltr'>Achaide</span> <span class='ocrx_word' id='word_1_13' title='bbox 1286 240 1314 295; x_wconf 87' lang='lat'>,&#39;</span> <span class='ocrx_word' id='word_1_14' title='bbox 1339 241 1437 282; x_wconf 83' lang='lat' dir='ltr'>dixit</span> 
     </span>
     <span class='ocr_line' id='line_1_3' title="bbox 217 300 1184 342; baseline 0 -1"><span class='ocrx_word' id='word_1_15' title='bbox 217 300 315 341; x_wconf 76' lang='lat' dir='ltr'>‘Una</span> <span class='ocrx_word' id='word_1_16' title='bbox 346 302 432 341; x_wconf 86' lang='lat' dir='ltr'>fui:</span> <span class='ocrx_word' id='word_1_17' title='bbox 464 313 537 341; x_wconf 88' lang='lat' dir='ltr'>nec</span> <span class='ocrx_word' id='word_1_18' title='bbox 568 313 630 341; x_wconf 90' lang='lat' dir='ltr'>me</span> <span class='ocrx_word' id='word_1_19' title='bbox 662 301 876 341; x_wconf 88' lang='lat' dir='ltr'>studiosius</span> <span class='ocrx_word' id='word_1_20' title='bbox 909 301 1028 341; x_wconf 88' lang='lat' dir='ltr'>altera</span> <span class='ocrx_word' id='word_1_21' title='bbox 1062 302 1184 342; x_wconf 88' lang='lat' dir='ltr'>saltus</span> 
     </span>
    </p>
   </div>
   <div class='ocr_carea' id='block_1_3' title="bbox 128 359 1439 2401">
    <p class='ocr_par' dir='ltr' id='par_1_3' title="bbox 215 359 1206 413">
     <span class='ocr_line' id='line_1_4' title="bbox 215 359 1206 413; baseline -0.001 -13"><span class='ocrx_word' id='word_1_22' title='bbox 215 360 355 413; x_wconf 84' lang='lat' dir='ltr'>Legit,</span> <span class='ocrx_word' id='word_1_23' title='bbox 387 372 460 399; x_wconf 88' lang='lat' dir='ltr'>nec</span> <span class='ocrx_word' id='word_1_24' title='bbox 490 361 624 412; x_wconf 82' lang='lat' dir='ltr'>posuit</span> <span class='ocrx_word' id='word_1_25' title='bbox 654 360 867 399; x_wconf 85' lang='lat' dir='ltr'>studiosius</span> <span class='ocrx_word' id='word_1_26' title='bbox 899 359 1020 399; x_wconf 88' lang='lat' dir='ltr'>altera</span> <span class='ocrx_word' id='word_1_27' title='bbox 1052 372 1206 400; x_wconf 88' lang='lat' dir='ltr'>casses.</span> 
     </span>
    </p>

    <p class='ocr_par' dir='ltr' id='par_1_4' title="bbox 128 418 1438 706">
     <span class='ocr_line' id='line_1_5' title="bbox 128 418 1438 470; baseline 0 -13"><span class='ocrx_word' id='word_1_28' title='bbox 128 425 196 459; x_wconf 81' lang='lat'>580</span> <span class='ocrx_word' id='word_1_29' title='bbox 218 419 294 458; x_wconf 90' lang='lat' dir='ltr'>Sed</span> <span class='ocrx_word' id='word_1_30' title='bbox 327 420 502 470; x_wconf 90' lang='lat' dir='ltr'>quamvis</span> <span class='ocrx_word' id='word_1_31' title='bbox 534 419 681 458; x_wconf 84' lang='lat' dir='ltr'>formae</span> <span class='ocrx_word' id='word_1_32' title='bbox 713 430 926 469; x_wconf 87' lang='lat' dir='ltr'>numquam</span> <span class='ocrx_word' id='word_1_33' title='bbox 952 418 1046 458; x_wconf 91' lang='lat' dir='ltr'>mihi</span> <span class='ocrx_word' id='word_1_34' title='bbox 1078 419 1177 458; x_wconf 85' lang='lat' dir='ltr'>sama</span> <span class='ocrx_word' id='word_1_35' title='bbox 1202 419 1323 470; x_wconf 88' lang='lat' dir='ltr'>petita</span> <span class='ocrx_word' id='word_1_36' title='bbox 1355 424 1438 469; x_wconf 89' lang='lat' dir='ltr'>est,</span> 
     </span>
     <span class='ocr_line' id='line_1_6' title="bbox 217 476 1349 530; baseline 0 -14"><span class='ocrx_word' id='word_1_37' title='bbox 217 478 401 524; x_wconf 89' lang='lat' dir='ltr'>Quamvis</span> <span class='ocrx_word' id='word_1_38' title='bbox 432 478 546 516; x_wconf 81' lang='lat' dir='ltr'>fortis</span> <span class='ocrx_word' id='word_1_39' title='bbox 578 489 684 516; x_wconf 87' lang='lat' dir='ltr'>eram</span> <span class='ocrx_word' id='word_1_40' title='bbox 702 509 713 530; x_wconf 91' lang='lat'>,</span> <span class='ocrx_word' id='word_1_41' title='bbox 740 478 932 516; x_wconf 80' lang='lat' dir='ltr'>formosae</span> <span class='ocrx_word' id='word_1_42' title='bbox 965 489 1106 516; x_wconf 90' lang='lat' dir='ltr'>nomen</span> <span class='ocrx_word' id='word_1_43' title='bbox 1137 476 1349 516; x_wconf 85' lang='lat' dir='ltr'>habebam.</span> 
     </span>
     <span class='ocr_line' id='line_1_7' title="bbox 216 535 1245 588; baseline -0.001 -12"><span class='ocrx_word' id='word_1_44' title='bbox 216 536 297 576; x_wconf 81' lang='lat' dir='ltr'>Noc</span> <span class='ocrx_word' id='word_1_45' title='bbox 328 548 413 576; x_wconf 90' lang='lat' dir='ltr'>mea</span> <span class='ocrx_word' id='word_1_46' title='bbox 445 547 508 575; x_wconf 90' lang='lat' dir='ltr'>me</span> <span class='ocrx_word' id='word_1_47' title='bbox 539 536 656 575; x_wconf 85' lang='lat' dir='ltr'>facies</span> <span class='ocrx_word' id='word_1_48' title='bbox 689 537 853 575; x_wconf 89' lang='lat' dir='ltr'>nimium</span> <span class='ocrx_word' id='word_1_49' title='bbox 884 535 1036 574; x_wconf 84' lang='lat' dir='ltr'>laudata</span> <span class='ocrx_word' id='word_1_50' title='bbox 1067 535 1245 588; x_wconf 82' lang='lat' dir='ltr'>iuvabat3</span> 
     </span>
     <span class='ocr_line' id='line_1_8' title="bbox 218 594 1302 646; baseline 0 -13"><span class='ocrx_word' id='word_1_51' title='bbox 218 595 379 646; x_wconf 82' lang='lat' dir='ltr'>Quaque</span> <span class='ocrx_word' id='word_1_52' title='bbox 413 594 508 633; x_wconf 86' lang='lat' dir='ltr'>aliae</span> <span class='ocrx_word' id='word_1_53' title='bbox 540 594 709 646; x_wconf 86' lang='lat' dir='ltr'>gaudere</span> <span class='ocrx_word' id='word_1_54' title='bbox 742 594 898 646; x_wconf 85' lang='lat' dir='ltr'>solent,</span> <span class='ocrx_word' id='word_1_55' title='bbox 931 606 1002 645; x_wconf 87' lang='lat' dir='ltr'>ego</span> <span class='ocrx_word' id='word_1_56' title='bbox 1035 595 1182 634; x_wconf 85' lang='lat' dir='ltr'>rustica</span> <span class='ocrx_word' id='word_1_57' title='bbox 1213 594 1302 633; x_wconf 89' lang='lat' dir='ltr'>dote</span> 
     </span>
     <span class='ocr_line' id='line_1_9' title="bbox 217 652 1239 706; baseline 0 -14"><span class='ocrx_word' id='word_1_58' title='bbox 217 652 402 705; x_wconf 85' lang='lat' dir='ltr'>Corporis</span> <span class='ocrx_word' id='word_1_59' title='bbox 434 652 605 706; x_wconf 91' lang='lat' dir='ltr'>erubui,</span> <span class='ocrx_word' id='word_1_60' title='bbox 637 654 866 704; x_wconf 88' lang='lat' dir='ltr'>crimenque</span> <span class='ocrx_word' id='word_1_61' title='bbox 898 652 1052 704; x_wconf 89' lang='lat' dir='ltr'>placere</span> <span class='ocrx_word' id='word_1_62' title='bbox 1084 654 1239 704; x_wconf 90' lang='lat' dir='ltr'>putavi.</span> 
     </span>
    </p>

    <p class='ocr_par' dir='ltr' id='par_1_5' title="bbox 130 711 1437 998">
     <span class='ocr_line' id='line_1_10' title="bbox 130 711 1284 764; baseline -0.001 -13"><span class='ocrx_word' id='word_1_63' title='bbox 130 718 195 751; x_wconf 86' lang='lat'>585</span> <span class='ocrx_word' id='word_1_64' title='bbox 216 711 332 751; x_wconf 86' lang='lat' dir='ltr'>Lassa</span> <span class='ocrx_word' id='word_1_65' title='bbox 364 711 591 751; x_wconf 88' lang='lat' dir='ltr'>revertebar</span> <span class='ocrx_word' id='word_1_66' title='bbox 609 743 620 764; x_wconf 87' lang='lat'>,</span> <span class='ocrx_word' id='word_1_67' title='bbox 652 712 840 763; x_wconf 87' lang='lat' dir='ltr'>memini,</span> <span class='ocrx_word' id='word_1_68' title='bbox 872 711 1134 763; x_wconf 79' lang='lat' dir='ltr'>Stymphalide</span> <span class='ocrx_word' id='word_1_69' title='bbox 1167 711 1284 751; x_wconf 65' lang='lat' dir='ltr'>silvax</span> 
     </span>
     <span class='ocr_line' id='line_1_11' title="bbox 217 769 1437 823; baseline -0.002 -13"><span class='ocrx_word' id='word_1_70' title='bbox 217 771 359 810; x_wconf 84' lang='lat' dir='ltr'>Aestus</span> <span class='ocrx_word' id='word_1_71' title='bbox 391 776 475 810; x_wconf 87' lang='lat' dir='ltr'>era-t</span> <span class='ocrx_word' id='word_1_72' title='bbox 493 802 504 823; x_wconf 91' lang='lat'>,</span> <span class='ocrx_word' id='word_1_73' title='bbox 535 782 797 821; x_wconf 86' lang='lat' dir='ltr'>magnumque</span> <span class='ocrx_word' id='word_1_74' title='bbox 829 769 939 808; x_wconf 85' lang='lat' dir='ltr'>labor</span> <span class='ocrx_word' id='word_1_75' title='bbox 970 771 1234 821; x_wconf 83' lang='lat' dir='ltr'>geminaverat</span> <span class='ocrx_word' id='word_1_76' title='bbox 1264 774 1437 809; x_wconf 84' lang='lat' dir='ltr'>aestum.</span> 
     </span>
     <span class='ocr_line' id='line_1_12' title="bbox 216 830 1391 881; baseline -0.001 -13"><span class='ocrx_word' id='word_1_77' title='bbox 216 830 375 868; x_wconf 88' lang='lat' dir='ltr'>Invenio</span> <span class='ocrx_word' id='word_1_78' title='bbox 402 831 487 868; x_wconf 90' lang='lat' dir='ltr'>sine</span> <span class='ocrx_word' id='word_1_79' title='bbox 519 830 664 868; x_wconf 89' lang='lat' dir='ltr'>vertice</span> <span class='ocrx_word' id='word_1_80' title='bbox 697 840 845 881; x_wconf 89' lang='lat' dir='ltr'>aquas,</span> <span class='ocrx_word' id='word_1_81' title='bbox 877 830 961 867; x_wconf 86' lang='lat' dir='ltr'>sine</span> <span class='ocrx_word' id='word_1_82' title='bbox 993 840 1196 868; x_wconf 90' lang='lat' dir='ltr'>murmure</span> <span class='ocrx_word' id='word_1_83' title='bbox 1229 834 1391 881; x_wconf 87' lang='lat' dir='ltr'>euntes,</span> 
     </span>
     <span class='ocr_line' id='line_1_13' title="bbox 216 886 1372 940; baseline -0.002 -13"><span class='ocrx_word' id='word_1_84' title='bbox 216 887 449 940; x_wconf 82' lang='lat' dir='ltr'>Perspicuas</span> <span class='ocrx_word' id='word_1_85' title='bbox 481 888 528 926; x_wconf 87' lang='lat' dir='ltr'>ad</span> <span class='ocrx_word' id='word_1_86' title='bbox 559 887 722 927; x_wconf 92' lang='lat' dir='ltr'>humum</span> <span class='ocrx_word' id='word_1_87' title='bbox 740 919 751 940; x_wconf 90' lang='lat'>,</span> <span class='ocrx_word' id='word_1_88' title='bbox 782 899 854 939; x_wconf 89' lang='lat' dir='ltr'>per</span> <span class='ocrx_word' id='word_1_89' title='bbox 885 899 981 938; x_wconf 87' lang='lat' dir='ltr'>quas</span> <span class='ocrx_word' id='word_1_90' title='bbox 1014 886 1265 926; x_wconf 86' lang='lat' dir='ltr'>numerabilis</span> <span class='ocrx_word' id='word_1_91' title='bbox 1297 886 1372 926; x_wconf 88' lang='lat' dir='ltr'>alte</span> 
     </span>
     <span class='ocr_line' id='line_1_14' title="bbox 217 946 1297 998; baseline -0.001 -13"><span class='ocrx_word' id='word_1_92' title='bbox 217 946 398 986; x_wconf 86' lang='lat' dir='ltr'>Calculus</span> <span class='ocrx_word' id='word_1_93' title='bbox 430 948 557 986; x_wconf 91' lang='lat' dir='ltr'>omnis</span> <span class='ocrx_word' id='word_1_94' title='bbox 588 952 673 985; x_wconf 87' lang='lat' dir='ltr'>erat</span> <span class='ocrx_word' id='word_1_95' title='bbox 689 977 701 998; x_wconf 92' lang='lat'><em>‚</em></span> <span class='ocrx_word' id='word_1_96' title='bbox 733 957 829 997; x_wconf 89' lang='lat' dir='ltr'>quas</span> <span class='ocrx_word' id='word_1_97' title='bbox 860 951 903 984; x_wconf 91' lang='lat' dir='ltr'>tu</span> <span class='ocrx_word' id='word_1_98' title='bbox 934 946 996 985; x_wconf 86' lang='lat' dir='ltr'>vix</span> <span class='ocrx_word' id='word_1_99' title='bbox 1026 946 1084 985; x_wconf 91' lang='lat' dir='ltr'>ire</span> <span class='ocrx_word' id='word_1_100' title='bbox 1115 951 1297 997; x_wconf 87' lang='lat' dir='ltr'>putares.</span> 
     </span>
    </p>

    <p class='ocr_par' dir='ltr' id='par_1_6' title="bbox 129 1004 1242 1116">
     <span class='ocr_line' id='line_1_15' title="bbox 129 1004 1242 1056; baseline 0.002 -13"><span class='ocrx_word' id='word_1_101' title='bbox 129 1012 197 1044; x_wconf 83' lang='lat'>590</span> <span class='ocrx_word' id='word_1_102' title='bbox 217 1005 319 1045; x_wconf 85' lang='lat' dir='ltr'>Cana</span> <span class='ocrx_word' id='word_1_103' title='bbox 351 1004 485 1044; x_wconf 85' lang='lat' dir='ltr'>salicta</span> <span class='ocrx_word' id='word_1_104' title='bbox 517 1004 660 1044; x_wconf 82' lang='lat' dir='ltr'>dabant</span> <span class='ocrx_word' id='word_1_105' title='bbox 691 1006 916 1055; x_wconf 85' lang='lat' dir='ltr'>nutritaque</span> <span class='ocrx_word' id='word_1_106' title='bbox 948 1004 1119 1056; x_wconf 88' lang='lat' dir='ltr'>populus</span> <span class='ocrx_word' id='word_1_107' title='bbox 1139 1006 1242 1045; x_wconf 90' lang='lat' dir='ltr'>unda</span> 
     </span>
     <span class='ocr_line' id='line_1_16' title="bbox 218 1061 1185 1116; baseline 0 -14"><span class='ocrx_word' id='word_1_108' title='bbox 218 1063 365 1116; x_wconf 87' lang='lat' dir='ltr'>Sponte</span> <span class='ocrx_word' id='word_1_109' title='bbox 397 1076 467 1103; x_wconf 89' lang='lat' dir='ltr'>sua</span> <span class='ocrx_word' id='word_1_110' title='bbox 499 1070 608 1103; x_wconf 86' lang='lat' dir='ltr'>natas</span> <span class='ocrx_word' id='word_1_111' title='bbox 640 1064 736 1115; x_wconf 88' lang='lat' dir='ltr'>ripis</span> <span class='ocrx_word' id='word_1_112' title='bbox 768 1061 982 1102; x_wconf 90' lang='lat' dir='ltr'>declivibus</span> <span class='ocrx_word' id='word_1_113' title='bbox 1010 1062 1185 1102; x_wconf 85' lang='lat' dir='ltr'>umbras.</span> 
     </span>
    </p>

    <p class='ocr_par' dir='ltr' id='par_1_7' title="bbox 216 1119 1439 1291">
     <span class='ocr_line' id='line_1_17' title="bbox 216 1119 1174 1175; baseline -0.002 -14"><span class='ocrx_word' id='word_1_114' title='bbox 216 1123 404 1175; x_wconf 79' lang='lat' dir='ltr'>Accessi,</span> <span class='ocrx_word' id='word_1_115' title='bbox 435 1123 685 1173; x_wconf 84' lang='lat' dir='ltr'>primumque</span> <span class='ocrx_word' id='word_1_116' title='bbox 716 1121 828 1173; x_wconf 85' lang='lat' dir='ltr'>pedis</span> <span class='ocrx_word' id='word_1_117' title='bbox 859 1122 1020 1173; x_wconf 83' lang='lat' dir='ltr'>vestigia</span> <span class='ocrx_word' id='word_1_118' title='bbox 1051 1119 1174 1174; x_wconf 85' lang='lat' dir='ltr'>tinxi,</span> 
     </span>
     <span class='ocr_line' id='line_1_18' title="bbox 216 1180 1439 1232; baseline -0.001 -12"><span class='ocrx_word' id='word_1_119' title='bbox 216 1180 367 1232; x_wconf 89' lang='lat' dir='ltr'>Poplite</span> <span class='ocrx_word' id='word_1_120' title='bbox 400 1180 540 1220; x_wconf 90' lang='lat' dir='ltr'>deinde</span> <span class='ocrx_word' id='word_1_121' title='bbox 573 1186 717 1219; x_wconf 86' lang='lat' dir='ltr'>tenus:</span> <span class='ocrx_word' id='word_1_122' title='bbox 749 1192 877 1231; x_wconf 84' lang='lat' dir='ltr'>neque</span> <span class='ocrx_word' id='word_1_123' title='bbox 909 1192 955 1218; x_wconf 84' lang='lat' dir='ltr'>eo</span> <span class='ocrx_word' id='word_1_124' title='bbox 988 1185 1171 1219; x_wconf 82' lang='lat' dir='ltr'>contenta</span> <span class='ocrx_word' id='word_1_125' title='bbox 1190 1211 1201 1232; x_wconf 91' lang='lat'>,</span> <span class='ocrx_word' id='word_1_126' title='bbox 1233 1180 1439 1231; x_wconf 85' lang='lat' dir='ltr'>recingor,</span> 
     </span>
     <span class='ocr_line' id='line_1_19' title="bbox 216 1238 1157 1291; baseline -0.001 -13"><span class='ocrx_word' id='word_1_127' title='bbox 216 1239 422 1290; x_wconf 88' lang='lat' dir='ltr'>Molliaque</span> <span class='ocrx_word' id='word_1_128' title='bbox 453 1241 599 1290; x_wconf 91' lang='lat' dir='ltr'>inpono</span> <span class='ocrx_word' id='word_1_129' title='bbox 632 1238 739 1277; x_wconf 88' lang='lat' dir='ltr'>salici</span> <span class='ocrx_word' id='word_1_130' title='bbox 770 1238 959 1277; x_wconf 88' lang='lat' dir='ltr'>velamina</span> <span class='ocrx_word' id='word_1_131' title='bbox 991 1250 1157 1291; x_wconf 89' lang='lat' dir='ltr'>curvae,</span> 
     </span>
    </p>

    <p class='ocr_par' dir='ltr' id='par_1_8' title="bbox 129 1296 1437 1524">
     <span class='ocr_line' id='line_1_20' title="bbox 129 1296 1437 1349; baseline 0 -13"><span class='ocrx_word' id='word_1_132' title='bbox 129 1303 196 1337; x_wconf 76' lang='lat'>595</span> <span class='ocrx_word' id='word_1_133' title='bbox 217 1297 407 1349; x_wconf 88' lang='lat' dir='ltr'>Nudaque</span> <span class='ocrx_word' id='word_1_134' title='bbox 438 1309 596 1349; x_wconf 83' lang='lat' dir='ltr'>mergor</span> <span class='ocrx_word' id='word_1_135' title='bbox 627 1299 738 1349; x_wconf 88' lang='lat' dir='ltr'>aquis</span> <span class='ocrx_word' id='word_1_136' title='bbox 758 1328 768 1337; x_wconf 91' lang='lat'><strong>.</strong></span> <span class='ocrx_word' id='word_1_137' title='bbox 806 1308 902 1348; x_wconf 88' lang='lat' dir='ltr'>quas</span> <span class='ocrx_word' id='word_1_138' title='bbox 934 1296 1026 1336; x_wconf 90' lang='lat' dir='ltr'>dum</span> <span class='ocrx_word' id='word_1_139' title='bbox 1047 1297 1225 1348; x_wconf 82' lang='lat' dir='ltr'>serioque</span> <span class='ocrx_word' id='word_1_140' title='bbox 1246 1296 1437 1348; x_wconf 86' lang='lat' dir='ltr'>trahoque</span> 
     </span>
     <span class='ocr_line' id='line_1_21' title="bbox 216 1354 1309 1409; baseline -0.001 -14"><span class='ocrx_word' id='word_1_141' title='bbox 216 1356 319 1395; x_wconf 89' lang='lat' dir='ltr'>Mille</span> <span class='ocrx_word' id='word_1_142' title='bbox 350 1356 475 1395; x_wconf 89' lang='lat' dir='ltr'>modis</span> <span class='ocrx_word' id='word_1_143' title='bbox 506 1355 670 1409; x_wconf 87' lang='lat' dir='ltr'>labens,</span> <span class='ocrx_word' id='word_1_144' title='bbox 701 1355 943 1406; x_wconf 85' lang='lat' dir='ltr'>excussaque</span> <span class='ocrx_word' id='word_1_145' title='bbox 974 1354 1155 1394; x_wconf 87' lang='lat' dir='ltr'>bracchia</span> <span class='ocrx_word' id='word_1_146' title='bbox 1185 1357 1309 1408; x_wconf 85' lang='lat' dir='ltr'>iacto,</span> 
     </span>
     <span class='ocr_line' id='line_1_22' title="bbox 216 1413 1309 1466; baseline -0.002 -12"><span class='ocrx_word' id='word_1_147' title='bbox 216 1414 357 1454; x_wconf 88' lang='lat' dir='ltr'>Nescio</span> <span class='ocrx_word' id='word_1_148' title='bbox 384 1414 487 1466; x_wconf 90' lang='lat' dir='ltr'>quod</span> <span class='ocrx_word' id='word_1_149' title='bbox 519 1414 646 1453; x_wconf 91' lang='lat' dir='ltr'>medio</span> <span class='ocrx_word' id='word_1_150' title='bbox 679 1415 784 1453; x_wconf 87' lang='lat' dir='ltr'>sensi</span> <span class='ocrx_word' id='word_1_151' title='bbox 816 1413 888 1453; x_wconf 90' lang='lat' dir='ltr'>sub</span> <span class='ocrx_word' id='word_1_152' title='bbox 920 1415 1074 1465; x_wconf 83' lang='lat' dir='ltr'>gurgite</span> <span class='ocrx_word' id='word_1_153' title='bbox 1106 1426 1309 1465; x_wconf 89' lang='lat' dir='ltr'>murmur,</span> 
     </span>
     <span class='ocr_line' id='line_1_23' title="bbox 216 1473 1217 1524; baseline -0.001 -12"><span class='ocrx_word' id='word_1_154' title='bbox 216 1473 449 1524; x_wconf 88' lang='lat' dir='ltr'>Territaque</span> <span class='ocrx_word' id='word_1_155' title='bbox 480 1474 619 1512; x_wconf 87' lang='lat' dir='ltr'>insisto</span> <span class='ocrx_word' id='word_1_156' title='bbox 650 1473 847 1524; x_wconf 86' lang='lat' dir='ltr'>propioris</span> <span class='ocrx_word' id='word_1_157' title='bbox 879 1474 1055 1523; x_wconf 84' lang='lat' dir='ltr'>margine</span> <span class='ocrx_word' id='word_1_158' title='bbox 1087 1473 1217 1524; x_wconf 89' lang='lat' dir='ltr'>ripae.</span> 
     </span>
    </p>

    <p class='ocr_par' dir='ltr' id='par_1_9' title="bbox 218 1527 1439 1583">
     <span class='ocr_line' id='line_1_24' title="bbox 218 1527 1439 1583; baseline -0.002 -12"><span class='ocrx_word' id='word_1_159' title='bbox 218 1529 369 1578; x_wconf 71' lang='lat' dir='ltr'>““Quo</span> <span class='ocrx_word' id='word_1_160' title='bbox 400 1543 590 1583; x_wconf 87' lang='lat' dir='ltr'>properas</span> <span class='ocrx_word' id='word_1_161' title='bbox 608 1562 619 1583; x_wconf 94' lang='lat'>,</span> <span class='ocrx_word' id='word_1_162' title='bbox 650 1531 844 1570; x_wconf 84' lang='lat' dir='ltr'>Arethusa</span> <span class='ocrx_word' id='word_1_163' title='bbox 862 1527 900 1569; x_wconf 73' lang='lat' dir='ltr'>‘P&#39;</span> <span class='ocrx_word' id='word_1_164' title='bbox 932 1532 1013 1570; x_wconf 92' lang='lat' dir='ltr'>suis</span> <span class='ocrx_word' id='word_1_165' title='bbox 1034 1530 1204 1582; x_wconf 88' lang='lat' dir='ltr'>Alpheus</span> <span class='ocrx_word' id='word_1_166' title='bbox 1231 1530 1278 1569; x_wconf 87' lang='lat' dir='ltr'>ab</span> <span class='ocrx_word' id='word_1_167' title='bbox 1299 1529 1439 1583; x_wconf 89' lang='lat' dir='ltr'>undis,</span> 
     </span>
    </p>

    <p class='ocr_par' dir='ltr' id='par_1_10' title="bbox 129 1586 1398 1759">
     <span class='ocr_line' id='line_1_25' title="bbox 129 1586 1398 1642; baseline -0.002 -11"><span class='ocrx_word' id='word_1_168' title='bbox 129 1598 197 1631; x_wconf 79' lang='grc'>600</span> <span class='ocrx_word' id='word_1_169' title='bbox 217 1588 320 1636; x_wconf 81' lang='lat' dir='ltr'>‘Quo</span> <span class='ocrx_word' id='word_1_170' title='bbox 350 1602 540 1642; x_wconf 86' lang='lat' dir='ltr'>properas</span> <span class='ocrx_word' id='word_1_171' title='bbox 558 1586 643 1628; x_wconf 79' lang='lat'>?&#39;&#39;&#39;&#39;</span> <span class='ocrx_word' id='word_1_172' title='bbox 675 1591 819 1629; x_wconf 82' lang='lat' dir='ltr'>iterum</span> <span class='ocrx_word' id='word_1_173' title='bbox 850 1600 969 1628; x_wconf 77' lang='lat' dir='ltr'>rauco</span> <span class='ocrx_word' id='word_1_174' title='bbox 1001 1589 1096 1628; x_wconf 86' lang='lat' dir='ltr'>mihi</span> <span class='ocrx_word' id='word_1_175' title='bbox 1127 1589 1277 1628; x_wconf 88' lang='lat' dir='ltr'>dixerat</span> <span class='ocrx_word' id='word_1_176' title='bbox 1308 1601 1398 1628; x_wconf 89' lang='lat' dir='ltr'>ore.</span> 
     </span>
     <span class='ocr_line' id='line_1_26' title="bbox 219 1647 1291 1701; baseline -0.002 -13"><span class='ocrx_word' id='word_1_177' title='bbox 219 1649 330 1688; x_wconf 90' lang='lat' dir='ltr'>Sicut</span> <span class='ocrx_word' id='word_1_178' title='bbox 360 1660 466 1688; x_wconf 89' lang='lat' dir='ltr'>eram</span> <span class='ocrx_word' id='word_1_179' title='bbox 484 1680 496 1701; x_wconf 92' lang='lat'>,</span> <span class='ocrx_word' id='word_1_180' title='bbox 527 1649 634 1699; x_wconf 85' lang='lat' dir='ltr'>fugio</span> <span class='ocrx_word' id='word_1_181' title='bbox 666 1649 750 1687; x_wconf 84' lang='lat' dir='ltr'>sine</span> <span class='ocrx_word' id='word_1_182' title='bbox 782 1647 981 1687; x_wconf 85' lang='lat' dir='ltr'>vestibus:</span> <span class='ocrx_word' id='word_1_183' title='bbox 1011 1647 1132 1687; x_wconf 88' lang='lat' dir='ltr'>altera</span> <span class='ocrx_word' id='word_1_184' title='bbox 1162 1654 1291 1687; x_wconf 88' lang='lat' dir='ltr'>vestes</span> 
     </span>
     <span class='ocr_line' id='line_1_27' title="bbox 217 1705 1332 1759; baseline -0.001 -13"><span class='ocrx_word' id='word_1_185' title='bbox 217 1707 314 1759; x_wconf 87' lang='lat' dir='ltr'>Ripa</span> <span class='ocrx_word' id='word_1_186' title='bbox 345 1719 452 1746; x_wconf 88' lang='lat' dir='ltr'>meas</span> <span class='ocrx_word' id='word_1_187' title='bbox 484 1706 648 1746; x_wconf 89' lang='lat' dir='ltr'>habuit.</span> <span class='ocrx_word' id='word_1_188' title='bbox 685 1711 794 1746; x_wconf 86' lang='lat' dir='ltr'>tanto</span> <span class='ocrx_word' id='word_1_189' title='bbox 826 1707 947 1758; x_wconf 84' lang='lat' dir='ltr'>magis</span> <span class='ocrx_word' id='word_1_190' title='bbox 979 1707 1098 1745; x_wconf 86' lang='lat' dir='ltr'>instat</span> <span class='ocrx_word' id='word_1_191' title='bbox 1128 1711 1168 1745; x_wconf 87' lang='lat' dir='ltr'>et</span> <span class='ocrx_word' id='word_1_192' title='bbox 1199 1705 1332 1758; x_wconf 87' lang='lat' dir='ltr'>ardet,</span> 
     </span>
    </p>

    <p class='ocr_par' dir='ltr' id='par_1_11' title="bbox 217 1764 1330 1875">
     <span class='ocr_line' id='line_1_28' title="bbox 217 1764 1184 1817; baseline -0.001 -13"><span class='ocrx_word' id='word_1_193' title='bbox 217 1765 268 1805; x_wconf 88' lang='lat' dir='ltr'>Et</span> <span class='ocrx_word' id='word_1_194' title='bbox 299 1766 388 1816; x_wconf 87' lang='lat' dir='ltr'>quia</span> <span class='ocrx_word' id='word_1_195' title='bbox 420 1765 521 1804; x_wconf 86' lang='lat' dir='ltr'>nuda</span> <span class='ocrx_word' id='word_1_196' title='bbox 556 1766 611 1804; x_wconf 83' lang='lat' dir='ltr'>sui</span> <span class='ocrx_word' id='word_1_197' title='bbox 628 1796 639 1817; x_wconf 88' lang='lat'>,</span> <span class='ocrx_word' id='word_1_198' title='bbox 672 1776 760 1804; x_wconf 91' lang='lat' dir='ltr'>sum</span> <span class='ocrx_word' id='word_1_199' title='bbox 791 1766 872 1804; x_wconf 87' lang='lat' dir='ltr'>visa</span> <span class='ocrx_word' id='word_1_200' title='bbox 902 1766 1074 1816; x_wconf 86' lang='lat' dir='ltr'>paratior</span> <span class='ocrx_word' id='word_1_201' title='bbox 1106 1764 1184 1804; x_wconf 86' lang='lat' dir='ltr'>illi.</span> 
     </span>
     <span class='ocr_line' id='line_1_29' title="bbox 219 1822 1330 1875; baseline -0.001 -12"><span class='ocrx_word' id='word_1_202' title='bbox 219 1824 283 1864; x_wconf 92' lang='lat' dir='ltr'>Sic</span> <span class='ocrx_word' id='word_1_203' title='bbox 315 1835 386 1874; x_wconf 87' lang='lat' dir='ltr'>ego</span> <span class='ocrx_word' id='word_1_204' title='bbox 418 1823 655 1875; x_wconf 85' lang='lat' dir='ltr'>currebam,</span> <span class='ocrx_word' id='word_1_205' title='bbox 687 1825 744 1862; x_wconf 88' lang='lat' dir='ltr'>sic</span> <span class='ocrx_word' id='word_1_206' title='bbox 775 1835 836 1862; x_wconf 91' lang='lat' dir='ltr'>me</span> <span class='ocrx_word' id='word_1_207' title='bbox 869 1823 977 1862; x_wconf 84' lang='lat' dir='ltr'>ferus</span> <span class='ocrx_word' id='word_1_208' title='bbox 1009 1822 1073 1862; x_wconf 90' lang='lat' dir='ltr'>ille</span> <span class='ocrx_word' id='word_1_209' title='bbox 1104 1823 1330 1875; x_wconf 87' lang='lat' dir='ltr'>premebat,</span> 
     </span>
    </p>

    <p class='ocr_par' dir='ltr' id='par_1_12' title="bbox 129 1881 1413 2167">
     <span class='ocr_line' id='line_1_30' title="bbox 129 1881 1360 1934; baseline -0.002 -12"><span class='ocrx_word' id='word_1_210' title='bbox 129 1889 196 1922; x_wconf 77' lang='grc'>605</span> <span class='ocrx_word' id='word_1_211' title='bbox 217 1882 269 1922; x_wconf 93' lang='lat' dir='ltr'>Ut</span> <span class='ocrx_word' id='word_1_212' title='bbox 299 1882 436 1933; x_wconf 86' lang='lat' dir='ltr'>fugere</span> <span class='ocrx_word' id='word_1_213' title='bbox 467 1883 692 1933; x_wconf 88' lang='lat' dir='ltr'>accipitrem</span> <span class='ocrx_word' id='word_1_214' title='bbox 724 1893 852 1932; x_wconf 85' lang='lat' dir='ltr'>penna</span> <span class='ocrx_word' id='word_1_215' title='bbox 883 1881 1102 1933; x_wconf 88' lang='lat' dir='ltr'>trepidante</span> <span class='ocrx_word' id='word_1_216' title='bbox 1135 1881 1360 1934; x_wconf 87' lang='lat' dir='ltr'>columbae,</span> 
     </span>
     <span class='ocr_line' id='line_1_31' title="bbox 216 1939 1272 1992; baseline 0 -12"><span class='ocrx_word' id='word_1_217' title='bbox 216 1940 269 1980; x_wconf 88' lang='lat' dir='ltr'>Ut</span> <span class='ocrx_word' id='word_1_218' title='bbox 299 1939 398 1979; x_wconf 89' lang='lat' dir='ltr'>solet</span> <span class='ocrx_word' id='word_1_219' title='bbox 428 1942 616 1992; x_wconf 87' lang='lat' dir='ltr'>accipiter</span> <span class='ocrx_word' id='word_1_220' title='bbox 647 1939 819 1991; x_wconf 87' lang='lat' dir='ltr'>trepidas</span> <span class='ocrx_word' id='word_1_221' title='bbox 851 1951 1020 1991; x_wconf 86' lang='lat' dir='ltr'>urguere</span> <span class='ocrx_word' id='word_1_222' title='bbox 1051 1939 1272 1980; x_wconf 87' lang='lat' dir='ltr'>colu-mbas.</span> 
     </span>
     <span class='ocr_line' id='line_1_32' title="bbox 217 1997 1361 2051; baseline -0.001 -13"><span class='ocrx_word' id='word_1_223' title='bbox 217 1998 350 2051; x_wconf 88' lang='lat' dir='ltr'>Usque</span> <span class='ocrx_word' id='word_1_224' title='bbox 381 1998 454 2038; x_wconf 90' lang='lat' dir='ltr'>sub</span> <span class='ocrx_word' id='word_1_225' title='bbox 487 1998 761 2038; x_wconf 91' lang='lat' dir='ltr'>Orchomenon</span> <span class='ocrx_word' id='word_1_226' title='bbox 793 1997 1066 2049; x_wconf 85' lang='lat' dir='ltr'>Psophidaque</span> <span class='ocrx_word' id='word_1_227' title='bbox 1098 1997 1361 2050; x_wconf 85' lang='lat' dir='ltr'>Cyllenenque</span> 
     </span>
     <span class='ocr_line' id='line_1_33' title="bbox 217 2055 1413 2108; baseline -0.002 -11"><span class='ocrx_word' id='word_1_228' title='bbox 217 2057 504 2108; x_wconf 88' lang='lat' dir='ltr'>Maenaliosque</span> <span class='ocrx_word' id='word_1_229' title='bbox 536 2058 646 2096; x_wconf 88' lang='lat' dir='ltr'>sinus</span> <span class='ocrx_word' id='word_1_230' title='bbox 677 2055 926 2108; x_wconf 85' lang='lat' dir='ltr'>gelidumque</span> <span class='ocrx_word' id='word_1_231' title='bbox 958 2055 1225 2107; x_wconf 86' lang='lat' dir='ltr'>Erymanthon</span> <span class='ocrx_word' id='word_1_232' title='bbox 1257 2062 1296 2096; x_wconf 93' lang='lat' dir='ltr'>et</span> <span class='ocrx_word' id='word_1_233' title='bbox 1325 2055 1413 2095; x_wconf 91' lang='lat' dir='ltr'>Elin</span> 
     </span>
     <span class='ocr_line' id='line_1_34' title="bbox 219 2114 1138 2167; baseline -0.001 -12"><span class='ocrx_word' id='word_1_234' title='bbox 219 2116 387 2155; x_wconf 89' lang='lat' dir='ltr'>Currere</span> <span class='ocrx_word' id='word_1_235' title='bbox 419 2117 620 2167; x_wconf 82' lang='lat' dir='ltr'>sustinui3</span> <span class='ocrx_word' id='word_1_236' title='bbox 651 2127 725 2154; x_wconf 91' lang='lat' dir='ltr'>nec</span> <span class='ocrx_word' id='word_1_237' title='bbox 756 2126 817 2153; x_wconf 90' lang='lat' dir='ltr'>me</span> <span class='ocrx_word' id='word_1_238' title='bbox 849 2114 1020 2153; x_wconf 91' lang='lat' dir='ltr'>velocior</span> <span class='ocrx_word' id='word_1_239' title='bbox 1050 2115 1138 2154; x_wconf 90' lang='lat' dir='ltr'>ille.</span> 
     </span>
    </p>

    <p class='ocr_par' dir='ltr' id='par_1_13' title="bbox 130 2172 1248 2226">
     <span class='ocr_line' id='line_1_35' title="bbox 130 2172 1248 2226; baseline -0.001 -12"><span class='ocrx_word' id='word_1_240' title='bbox 130 2182 197 2215; x_wconf 77' lang='grc'>610</span> <span class='ocrx_word' id='word_1_241' title='bbox 219 2174 295 2214; x_wconf 89' lang='lat' dir='ltr'>Sed</span> <span class='ocrx_word' id='word_1_242' title='bbox 327 2174 495 2213; x_wconf 89' lang='lat' dir='ltr'>tolerare</span> <span class='ocrx_word' id='word_1_243' title='bbox 528 2174 595 2213; x_wconf 90' lang='lat' dir='ltr'>diu</span> <span class='ocrx_word' id='word_1_244' title='bbox 627 2185 768 2213; x_wconf 88' lang='lat' dir='ltr'>cursus</span> <span class='ocrx_word' id='word_1_245' title='bbox 799 2185 870 2224; x_wconf 86' lang='lat' dir='ltr'>ego</span> <span class='ocrx_word' id='word_1_246' title='bbox 889 2204 900 2225; x_wconf 91' lang='lat'>,</span> <span class='ocrx_word' id='word_1_247' title='bbox 931 2172 1080 2212; x_wconf 85' lang='lat' dir='ltr'>viribus</span> <span class='ocrx_word' id='word_1_248' title='bbox 1111 2175 1248 2226; x_wconf 83' lang='lat' dir='ltr'>inpar,</span> 
     </span>
    </p>

    <p class='ocr_par' dir='ltr' id='par_1_14' title="bbox 217 2230 1415 2401">
     <span class='ocr_line' id='line_1_36' title="bbox 217 2230 1271 2284; baseline -0.001 -13"><span class='ocrx_word' id='word_1_249' title='bbox 217 2232 303 2271; x_wconf 89' lang='lat' dir='ltr'>Non</span> <span class='ocrx_word' id='word_1_250' title='bbox 335 2238 541 2284; x_wconf 87' lang='lat' dir='ltr'>poteram:</span> <span class='ocrx_word' id='word_1_251' title='bbox 572 2232 679 2283; x_wconf 86' lang='lat' dir='ltr'>longi</span> <span class='ocrx_word' id='word_1_252' title='bbox 710 2232 863 2283; x_wconf 91' lang='lat' dir='ltr'>patiens</span> <span class='ocrx_word' id='word_1_253' title='bbox 895 2237 979 2270; x_wconf 88' lang='lat' dir='ltr'>erat</span> <span class='ocrx_word' id='word_1_254' title='bbox 1008 2230 1072 2270; x_wconf 90' lang='lat' dir='ltr'>ille</span> <span class='ocrx_word' id='word_1_255' title='bbox 1104 2231 1271 2271; x_wconf 88' lang='lat' dir='ltr'>laboris.</span> 
     </span>
     <span class='ocr_line' id='line_1_37' title="bbox 217 2289 1415 2343; baseline -0.001 -14"><span class='ocrx_word' id='word_1_256' title='bbox 217 2290 293 2329; x_wconf 89' lang='lat' dir='ltr'>Per</span> <span class='ocrx_word' id='word_1_257' title='bbox 325 2296 453 2329; x_wconf 83' lang='lat' dir='ltr'>tamen</span> <span class='ocrx_word' id='word_1_258' title='bbox 486 2296 526 2329; x_wconf 91' lang='lat' dir='ltr'>et</span> <span class='ocrx_word' id='word_1_259' title='bbox 557 2301 743 2343; x_wconf 88' lang='lat' dir='ltr'>campos,</span> <span class='ocrx_word' id='word_1_260' title='bbox 774 2301 845 2341; x_wconf 89' lang='lat' dir='ltr'>per</span> <span class='ocrx_word' id='word_1_261' title='bbox 876 2294 1035 2341; x_wconf 86' lang='lat' dir='ltr'>opertos</span> <span class='ocrx_word' id='word_1_262' title='bbox 1067 2289 1206 2329; x_wconf 88' lang='lat' dir='ltr'>arbore</span> <span class='ocrx_word' id='word_1_263' title='bbox 1238 2294 1415 2342; x_wconf 84' lang='lat' dir='ltr'>montes,</span> 
     </span>
     <span class='ocr_line' id='line_1_38' title="bbox 218 2347 1378 2401; baseline 0 -14"><span class='ocrx_word' id='word_1_264' title='bbox 218 2348 317 2388; x_wconf 84' lang='lat' dir='ltr'>Saxa</span> <span class='ocrx_word' id='word_1_265' title='bbox 349 2360 505 2400; x_wconf 91' lang='lat' dir='ltr'>quoque</span> <span class='ocrx_word' id='word_1_266' title='bbox 539 2354 578 2387; x_wconf 88' lang='lat' dir='ltr'>et</span> <span class='ocrx_word' id='word_1_267' title='bbox 608 2359 727 2400; x_wconf 89' lang='lat' dir='ltr'>rupes</span> <span class='ocrx_word' id='word_1_268' title='bbox 759 2353 799 2387; x_wconf 80' lang='lat' dir='ltr'>et</span> <span class='ocrx_word' id='word_1_269' title='bbox 829 2359 905 2399; x_wconf 84' lang='lat' dir='ltr'>qua</span> <span class='ocrx_word' id='word_1_270' title='bbox 937 2348 996 2387; x_wconf 87' lang='lat' dir='ltr'>via</span> <span class='ocrx_word' id='word_1_271' title='bbox 1028 2347 1164 2401; x_wconf 86' lang='lat' dir='ltr'>nulla,</span> <span class='ocrx_word' id='word_1_272' title='bbox 1196 2349 1378 2388; x_wconf 91' lang='lat' dir='ltr'>cucurri.</span> 
     </span>
    </p>
   </div>
  </div>
 </body>
</html>
