1554 2563
91 84 177 127 200
303 95 522 119 nmcmrnus
642 80 856 116 METAMM

123 203 189 234 145
212 194 261 234 Ut
292 194 385 232 satis
417 191 591 244 inpulsas
623 192 827 242 temptavit
856 189 996 243 pollice
1027 190 1192 230 chordas

212 251 260 291 Et
292 253 415 291 sensit
447 252 572 289 varios
591 282 602 303 ,
635 251 810 301 quamvis
842 249 994 288 diversa
1026 255 1234 302 sonarent,

212 310 459 350 Concordare
491 309 627 348 modos
646 340 657 361 ,
688 309 763 348 hoc
795 320 930 348 vocem
962 310 1133 347 carmine
1165 309 1307 347 movit:

212 368 283 408 ‘Ab
315 369 405 408 Iove
424 400 436 422 ,
467 368 576 408 Musa
607 380 749 420 parens
768 399 779 421 ‚
811 389 866 395 —
899 367 1044 406 cedunt
1074 367 1174 406 Iovis
1206 367 1335 405 omnia

1225 437 1346 476 regno
1380 446 1434 452 —

212 487 392 527 Carmina
424 492 558 526 nostra
589 498 729 526 move.
767 486 867 524 Iovis
899 490 960 524 est
990 484 1084 523 mihi
1116 496 1231 536 saepe
1263 489 1436 536 potestas

127 555 191 587 150
214 546 323 586 Dicta
354 547 494 597 prius:
527 546 653 584 cecini
684 544 835 597 plectro
868 545 1045 596 graviore
1078 542 1260 595 Gigantas

213 605 434 657 Sparsaque
466 603 691 656 Phlegraeis
722 605 897 642 victricia
929 603 1091 642 fulmina
1123 603 1293 653 campis:

213 664 326 704 Nunc
358 675 456 715 opus
489 668 549 702 est
578 662 724 702 leviore
755 662 866 713 lyra,
897 673 1121 713 puerosque
1154 672 1337 700 canamus

213 722 384 762 Dilectos
416 723 600 774 superis,
631 723 951 771 inconcessisque
983 720 1132 772 puellas

214 781 373 834 Ignibus
406 782 589 820 attonitas
621 781 814 819 meruisse
846 779 1005 818 libidine
1037 791 1231 830 poenam.

127 849 192 881 155
273 840 356 879 Rex
393 851 582 891 superum
614 838 772 890 Phrygii
809 838 1004 889 quondam
1037 837 1269 889 Ganymedis
1307 849 1438 876 amore

213 900 348 952 Arsit3
380 904 420 938 et
450 900 651 937 inventum
684 903 745 936 est
781 897 925 948 aliquid
946 929 956 948 ,
988 896 1091 947 quod
1124 895 1299 948 Iuppiter
1331 908 1438 949 esse,

215 958 340 1005 Quam
360 957 464 1009 quod
485 962 591 1009 erat,
611 956 763 995 mallet.
791 956 894 995 nulla
915 962 1043 994 tamen
1065 955 1154 994 alite
1174 957 1272 994 verti
1299 964 1324 990 f.
1340 964 1435 990 cxlix.

214 1017 404 1068 Dignatur
423 1048 434 1069 ,
466 1017 542 1054 nisi
574 1027 672 1066 quae
704 1021 839 1067 posset
870 1026 938 1053 sua
971 1014 1133 1052 fulmina
1164 1014 1291 1054 ferre.

214 1076 295 1115 Nec
327 1087 465 1127 mora,
496 1086 684 1125 percusso
718 1073 971 1112 mendacibus
1003 1076 1092 1112 aere
1123 1074 1262 1124 pennis

128 1143 195 1175 160
217 1134 370 1185 Abripit
401 1133 575 1185 Iliaden3
607 1134 673 1183 qui
705 1145 811 1171 nunc
843 1144 1000 1184 quoque
1031 1132 1170 1183 pocula
1202 1134 1363 1185 miscet,

215 1193 417 1243 Invitaque
450 1191 529 1230 Iovi
561 1196 697 1230 nectar
729 1191 876 1230 lunone
909 1191 1127 1229 ministrat.

274 1251 330 1290 Te
363 1262 519 1302 quoque
538 1281 549 1302 ‚
582 1249 802 1301 Amyclaide
821 1281 832 1301 ,
863 1250 1061 1301 posuisset
1091 1250 1131 1287 in
1164 1250 1322 1289 aethere

1235 1308 1440 1363 Phoebus,

215 1369 359 1409 Tristia
392 1370 425 1407 si
457 1368 626 1420 spatium
658 1366 828 1418 ponendi
861 1367 936 1405 fata
969 1367 1191 1406 dedissent.

218 1429 302 1475 Qua
333 1428 454 1479 licet,
486 1432 671 1466 aeternus
704 1431 833 1464 tamen
867 1438 938 1464 es:
971 1427 1231 1477 quotiensque
1263 1427 1418 1478 repellit

130 1495 198 1528 165
218 1487 295 1526 Ver
326 1486 496 1525 hiemem
515 1517 526 1537 ,
557 1485 740 1535 Piscique
772 1484 883 1523 Aries
916 1484 1093 1523 succedit
1123 1496 1294 1538 aquoso,

216 1545 276 1585 Tu
308 1546 454 1584 totiens
486 1545 611 1582 oreris
630 1575 641 1596 ‚
673 1542 865 1594 viridique
897 1544 937 1582 in
970 1544 1140 1594 caespite
1170 1543 1311 1584 ssoreS.

216 1604 272 1643 Te
305 1615 416 1642 meus
449 1608 538 1642 ante
570 1614 706 1641 omnes
737 1603 891 1653 genitor
923 1601 1086 1654 dilexit,
1117 1607 1158 1641 et
1188 1602 1282 1641 orbe

218 1663 262 1702 In
294 1661 422 1701 medio
454 1662 573 1713 positi
605 1666 818 1700 caruerunt
849 1661 1028 1711 praeside
1060 1660 1221 1714 Delphi,

218 1722 318 1761 Dum
349 1721 447 1760 deus
478 1719 654 1759 Eurotan
686 1720 997 1770 inmunitamque
1030 1720 1256 1770 frequentat

129 1789 197 1820 170
219 1780 415 1832 Sparten.
454 1790 527 1818 nec
559 1778 730 1817 citharae
762 1789 835 1816 nec
868 1784 960 1816 sunt
996 1779 1036 1816 in
1074 1777 1223 1817 honore
1256 1780 1442 1830 sagittae:

219 1839 415 1878 Inmemor
445 1838 530 1889 ipse
563 1838 624 1876 sui
656 1848 734 1875 non
766 1837 864 1875 retia
897 1836 1001 1875 ferre
1034 1843 1213 1890 recusat,

219 1897 303 1937 Non
337 1897 512 1936 tenuisse
544 1907 689 1948 canes,
721 1907 799 1934 non
825 1907 896 1946 per
927 1896 1016 1946 iuga
1048 1897 1192 1934 montis
1223 1897 1348 1947 iniqui

218 1956 299 1996 Isse
332 1967 493 2007 comes3
523 1954 716 2005 longaque
748 1953 816 1992 alit
845 1953 1097 1992 assuetudine
1128 1953 1324 1993 flammas.

218 2015 377 2066 Iamque
409 2014 493 2053 fere
525 2012 679 2052 medius
711 2012 826 2051 Titan
857 2013 1050 2050 venientis
1082 2018 1122 2051 et
1152 2018 1259 2051 actae

134 2081 200 2114 175
221 2073 356 2112 Noctis
389 2078 502 2125 erat,
534 2073 738 2124 spatioque
770 2072 855 2123 pari
887 2069 1054 2109 distabat
1084 2072 1308 2122 utrimque:

221 2132 397 2183 Corpora
427 2136 535 2170 veste
567 2130 726 2182 levant,
757 2135 797 2168 et
828 2140 922 2168 suco
953 2130 1109 2180 pinguis
1142 2129 1231 2168 olivi

221 2190 510 2242 Splendescunt
528 2221 539 2242 ‚
570 2188 716 2239 latique
747 2189 886 2227 ineunt
918 2189 1130 2226 certamina
1161 2187 1283 2232 disci.

222 2248 348 2294 Quem
379 2249 490 2300 prius
523 2249 648 2287 aerias
679 2246 863 2286 libratum
894 2245 1077 2285 Phoebus
1108 2248 1149 2285 in
1181 2258 1295 2286 auras

220 2306 354 2359 Misit,
387 2312 426 2345 et
457 2307 656 2358 oppositas
688 2305 842 2344 disiecit
871 2304 1045 2357 pondere
1077 2304 1226 2345 nubes.
