1554 2563
152 112 243 154 290
422 126 519 148 emcn-
705 112 920 148 METAMM
933 140 940 147 .

272 222 322 262 Et
351 223 479 274 tetigit
511 234 683 261 summos
715 223 820 274 virga
853 222 924 261 dea
956 222 1039 262 dira
1071 222 1252 276 capillos,
1288 245 1338 251 —

273 281 322 320 Et
346 281 467 332 pudet
493 287 531 320 et
557 281 724 320 reseram
745 303 799 308 —
821 282 937 320 saetis
963 281 1194 320 horrescere
1220 284 1353 335 coepi,
1379 291 1404 317 r.
1425 297 1491 316 exo

186 346 253 378 280
273 339 354 378 Nec
386 341 461 378 iam
492 351 608 391 posse
640 339 776 393 loqui,
808 351 878 391 pro
911 338 1040 378 verbis
1073 339 1188 378 edere
1221 351 1383 380 raucum

272 398 450 437 Murmur
469 429 480 450 ,
513 404 551 436 et
582 399 621 436 in
653 403 799 437 terram
830 402 912 437 toto
944 397 1204 449 procumbere
1236 399 1368 452 vultu;

274 455 406 507 Osque
438 468 570 495 meum
602 458 706 495 sensi
737 456 864 508 pando
897 456 1155 495 occallescere
1186 463 1340 511 rostro,

274 514 378 553 Colla
412 519 564 554 tumere
597 516 724 567 toris,
756 521 794 554 et
827 526 901 565 qua
933 514 1047 553 modo
1080 514 1216 566 pocula
1248 523 1359 569 parte

275 573 437 624 Sumpta
468 573 562 612 mihi
595 573 778 626 fuerant,
810 573 872 612 illa
906 574 1066 624 vestigia
1099 574 1195 612 feci.

186 639 252 670 285
274 631 449 683 Cumque
483 631 616 670 eadem
648 633 772 683 passis
806 652 859 658 —
893 637 1044 670 tantum
1076 631 1330 670 medicamina

1218 688 1406 741 possunt!
1440 711 1493 719 ——-

274 748 442 789 Claudor
474 749 595 788 hara.
635 748 840 799 solumque
876 750 957 788 suis
991 751 1163 788 caruisse
1196 749 1319 800 figura

273 807 449 846 Vidimus
481 807 777 859 Eurylochum:
809 807 915 847 solus
947 806 1034 847 data
1065 806 1205 858 pocula
1237 808 1358 859 fugit.

275 865 381 911 Quae
413 867 489 905 nisi
520 867 708 918 vitasset,
739 868 894 917 pecoris
925 877 1015 918 pars
1047 877 1124 904 una
1155 877 1354 905 manerem

273 924 387 963 Nunc
419 936 574 975 quoque
607 926 818 977 saetigeri,
850 936 922 963 nec
955 929 1083 963 tantae
1117 923 1235 963 cladis
1268 923 1315 963 ab
1346 924 1411 963 illo

186 991 253 1022 290
275 982 428 1022 Certior
460 983 506 1021 ad
540 982 679 1021 Circen
711 982 816 1022 ultor
845 984 1017 1022 venisset
1047 982 1199 1022 Ulixes.

274 1041 427 1080 Pacifer
459 1041 549 1080 huic
582 1041 743 1080 dederat
773 1041 910 1080 ssorem
943 1040 1137 1092 Cyllenius
1170 1041 1323 1094 album,

274 1100 373 1150 Moly
405 1107 544 1139 vocant
576 1101 738 1151 superi:
770 1101 881 1151 nigra
911 1099 1040 1139 radice
1074 1105 1253 1139 tenetur.

274 1158 399 1197 Tutus
433 1170 477 1196 eo
510 1160 748 1209 monitisque
781 1158 895 1197 simul
928 1157 1161 1197 caelestibus
1192 1160 1312 1198 intrat

273 1216 340 1255 Ille
373 1216 532 1255 domum
565 1216 697 1255 Circes
716 1248 727 1269 ,
759 1222 798 1255 et
829 1216 874 1255 ad
907 1216 1092 1255 insidiosa
1124 1223 1283 1256 vocatus

185 1282 251 1314 295
272 1275 415 1313 Pocula
434 1306 445 1327 ‚
477 1280 683 1313 conantem
715 1276 821 1325 virga
853 1274 1025 1313 mulcere
1059 1275 1217 1326 capillos

273 1333 486 1385 Reppulit,
518 1340 556 1372 et
588 1335 724 1372 stricto
756 1333 932 1384 pavidam
965 1332 1156 1372 deterruit
1188 1345 1303 1372 ense.

272 1391 365 1430 Inde
398 1391 494 1430 fides
526 1391 764 1442 dextraeque
796 1392 936 1431 datae:
968 1391 1213 1442 thalamoque
1245 1398 1429 1444 receptus

274 1449 454 1500 Coniugii
486 1449 617 1489 dotem
648 1451 845 1489 sociorum
878 1462 1042 1501 corpora
1074 1451 1222 1501 poscit.

275 1508 503 1560 Spargimur
534 1510 687 1559 ignotae
720 1510 824 1547 sucis
856 1507 1083 1547 melioribus
1115 1508 1283 1561 herbae,

184 1576 253 1607 300
272 1567 576 1617 Percutiturque
609 1572 726 1618 caput
756 1578 965 1606 conversae
999 1566 1160 1606 verbere
1193 1569 1345 1621 virgae,

272 1625 477 1676 Verbaque
511 1625 696 1664 dicuntur
728 1625 841 1664 dictis
874 1626 1069 1665 contraria
1100 1624 1252 1665 verbis:

274 1684 359 1730 Quo
391 1685 512 1734 magis
538 1683 601 1722 illa
626 1684 758 1736 canit,
790 1685 910 1734 magis
936 1683 1010 1722 hoc
1037 1683 1174 1722 tellure
1201 1684 1315 1723 levati
1361 1692 1389 1718 f.
1410 1693 1492 1720 cxci.

272 1742 472 1793 Erigimur
490 1773 500 1794 ,
533 1748 738 1792 saetaeque
773 1741 916 1780 cadunt
933 1773 944 1794 ‚
976 1741 1192 1793 bifidosque
1225 1742 1411 1794 relinquit

272 1800 382 1839 Rima
414 1801 534 1851 pedes
553 1832 563 1852 ,
595 1800 763 1839 redeunt
793 1801 921 1839 umeri
952 1806 991 1838 et
1022 1800 1197 1839 subiecta
1229 1800 1386 1841 lacertis

183 1867 251 1899 305
272 1858 457 1898 Bracchia
490 1865 609 1897 sunt.
648 1859 806 1897 flentem
837 1858 975 1897 flentes
1008 1858 1280 1909 amplectimur
1311 1861 1408 1913 ipsi,

272 1917 565 1968 Haeremusque
599 1917 710 1956 ducis
743 1916 840 1955 collo
862 1948 870 1955 .
908 1928 981 1955 nec
1014 1916 1129 1955 verba
1160 1917 1281 1956 locuti

272 1975 354 2014 Ulla
386 1977 517 2027 priora
550 1987 685 2014 sumus
704 2007 715 2027 ‚
747 1986 863 2026 quam
895 1986 965 2013 nos
998 1977 1177 2014 testantia
1211 1982 1363 2026 gratos.

271 2034 408 2072 Annua
435 2045 506 2072 nos
538 2033 616 2072 illic
649 2035 775 2072 tenuit
801 2045 937 2072 mora:
969 2033 1166 2083 multaque
1198 2046 1385 2085 praesens

272 2092 465 2143 Tempore
498 2098 576 2130 tarn
607 2091 722 2142 longo
754 2091 859 2144 vidi,
890 2091 1010 2129 multa
1042 2091 1202 2130 auribus
1235 2092 1367 2131 hausi.

188 2159 253 2190 310
274 2150 356 2189 Hoc
384 2162 539 2201 quoque
567 2162 655 2189 cum
682 2150 815 2188 multis
833 2182 843 2202 ‚
876 2149 979 2200 quod
1006 2149 1104 2188 clam
1130 2150 1224 2188 mihi
1244 2150 1395 2190 rettulit
1417 2164 1488 2189 una

272 2208 466 2254 Quattuor
498 2221 517 2247 e
551 2208 704 2247 famulis
737 2208 782 2246 ad
817 2208 903 2246 talia
936 2220 1045 2246 sacra
1076 2210 1243 2259 paratiS.

271 2266 367 2305 Cum
401 2267 499 2305 duee
534 2278 699 2317 namque
732 2278 817 2304 meo
852 2266 963 2305 Circe
996 2265 1086 2304 dum
1120 2266 1199 2305 sola
1225 2272 1423 2319 moratur,

270 2324 336 2363 Illa
369 2324 461 2363 mihi
494 2327 605 2363 niveo
640 2326 781 2363 factum
816 2323 862 2362 de
896 2336 1085 2362 marmore
1119 2327 1272 2375 signum
