1554 2563
191 507 769 563 METAMORPHOSEON
807 507 992 562 LIBER
1022 508 1285 565 PRIMUS.

182 669 235 723 In
269 695 365 722 nova
397 684 474 722 sert
504 685 657 722 animus
689 690 856 723 mutatas
888 683 1020 723 dicere
1052 684 1197 723 formas

184 742 358 793 Corpora
379 773 387 781 .
420 742 459 781 di
477 773 488 794 ‚
516 743 664 794 coeptis
686 763 740 769 —
762 754 851 781 nam
877 755 945 781 vos
974 744 1154 781 mutastis
1175 764 1230 770 —
1257 748 1297 782 et
1321 742 1408 782 illac

182 800 387 852 Adspirate
419 802 515 839 meis
534 833 545 852 ‚
570 802 774 852 primaque
807 801 853 839 ab
886 802 1035 852 origine
1062 801 1197 841 mundi

183 859 241 898 Ad
274 871 357 897 mea
390 866 628 910 perpetuum
660 859 842 898 deducite
874 866 1050 911 tempora
1083 872 1265 900 carmen.

144 925 165 957 5
185 919 286 956 Ante
318 929 425 956 mare
458 924 497 956 et
527 924 654 957 terras
687 924 726 958 et
758 917 861 969 quod
894 920 991 969 tegit
1021 920 1150 957 omnia
1169 950 1180 971 ‚
1210 917 1361 958 caelum

183 976 293 1016 Unus
326 982 410 1015 erat
440 981 523 1016 toto
555 982 717 1016 naturae
749 976 879 1016 vultus
911 978 952 1015 in
984 976 1103 1029 orbe,

186 1035 312 1081 Quem
344 1034 478 1073 dixere
511 1034 666 1088 Cha0s;
699 1035 809 1074 rudis
841 1035 1111 1087 indigestaque
1144 1035 1267 1075 moles

183 1093 264 1132 Nec
296 1095 506 1145 quicquam
538 1095 613 1132 nisi
643 1093 798 1145 pondus
829 1095 936 1133 iners
975 1102 1238 1146 congestaque
1272 1094 1409 1134 eodem

186 1152 273 1191 Non
304 1151 404 1192 bene
436 1154 660 1191 iunctarum
691 1152 886 1192 discordia
918 1154 1066 1192 semina
1098 1165 1256 1193 rerum.

121 1219 164 1251 ιο
183 1210 321 1250 Nullus
354 1210 480 1250 adhuc
512 1211 657 1250 mundo
690 1210 902 1263 praebebat
932 1211 1079 1250 lumina
1111 1211 1250 1264 Titan,

184 1270 265 1308 Nec
296 1282 394 1308 nova
426 1269 642 1309 crescendo
674 1269 882 1321 reparabat
913 1282 1060 1309 cornua
1092 1269 1274 1319 Phoebe,

185 1328 266 1368 Nec
299 1329 539 1368 circumfuso
571 1328 767 1380 pendebat
798 1330 838 1368 in
871 1332 961 1368 aere
993 1328 1109 1368 tellus

185 1386 433 1426 Ponderibus
465 1387 603 1426 librata
635 1389 716 1426 suis
736 1419 747 1440 ‚
774 1399 847 1427 nec
879 1387 1061 1427 bracchia
1082 1388 1196 1439 longo

184 1446 357 1497 Margine
389 1451 587 1485 terrarum
617 1453 848 1498 porrexerat
879 1446 1136 1498 Amphitrite.

122 1512 164 1544 15
184 1504 313 1556 thue
346 1510 430 1544 erat
461 1511 502 1544 et
532 1504 649 1544 tellus
680 1505 759 1544 illic
790 1511 830 1543 et
860 1511 1005 1556 pontus
1037 1511 1076 1543 et
1108 1508 1198 1554 aer,

186 1563 250 1602 Sic
282 1569 366 1602 erat
396 1562 589 1602 instabilis
621 1562 766 1615 tellus,
792 1563 974 1602 innabilIs
1006 1563 1134 1615 unda,

183 1621 300 1661 Lucis
332 1633 451 1672 egens
477 1625 571 1661 aer.
604 1621 700 1660 nulli
731 1633 801 1660 sua
832 1622 956 1660 forma
987 1621 1190 1673 manebat,

185 1680 452 1731 Obstabatque
485 1680 569 1718 aliis
602 1679 704 1719 aliud
724 1712 734 1732 ,
762 1681 852 1731 quia
884 1692 1050 1732 corpore
1081 1682 1122 1719 in
1154 1692 1232 1719 uno

184 1738 339 1790 Frigida
371 1739 596 1790 pugnabant
627 1739 760 1778 calidis
780 1770 791 1790 ‚
817 1740 990 1778 umentia
1023 1740 1162 1791 siccis,

121 1805 166 1838 20
185 1797 313 1836 Mollia
345 1810 435 1836 cum
467 1798 576 1837 duris
596 1829 607 1850 ,
633 1799 716 1836 sine
748 1797 951 1850 pondere,
984 1797 1165 1837 habentia
1196 1797 1371 1849 pondus.

184 1856 293 1895 Hanc
325 1856 422 1895 deus
455 1862 494 1896 et
524 1856 663 1895 melior
694 1856 802 1895 litem
833 1863 972 1895 natura
1004 1856 1185 1909 diremit3

186 1914 284 1954 Nam
317 1915 425 1954 caelo
457 1921 584 1954 terras
617 1922 656 1954 et
686 1916 805 1954 terris
837 1914 1003 1953 abscidit
1032 1915 1157 1954 undas

185 1973 236 2012 Et
267 1973 458 2024 liquidum
490 1975 617 2025 spisso
650 1975 818 2013 secrevit
850 1972 897 2012 ab
929 1976 1018 2012 aere
1052 1973 1225 2012 caelum.

186 2032 293 2078 Quae
324 2038 534 2084 postquam
565 2032 706 2071 evolvit
737 2044 932 2083 caecoque
966 2033 1109 2071 exemit
1141 2043 1306 2085 acervo,

121 2098 165 2130 25
187 2090 400 2130 Dissociata
432 2091 528 2130 locis
561 2091 745 2130 concordi
777 2103 871 2142 pace
904 2090 1058 2141 ligavit.

185 2149 303 2200 Ignea
335 2151 497 2188 convexi
528 2151 585 2189 vis
618 2156 657 2189 et
689 2151 772 2188 sine
804 2149 978 2201 pondere
1012 2148 1109 2188 caeli

184 2206 355 2247 Emicuit
386 2220 614 2259 summaque
646 2208 777 2247 locum
809 2207 883 2247 sibi
914 2207 1008 2246 fecit
1038 2209 1078 2246 in
1111 2219 1222 2247 arce.

183 2266 390 2306 Proximus
424 2273 483 2305 est
514 2270 580 2306 aer
611 2265 665 2305 illi
697 2266 851 2306 levitate
883 2266 1073 2318 locoque3

184 2324 350 2364 Densior
381 2325 441 2364 his
474 2324 618 2377 tellus,
651 2325 920 2376 elementaque
952 2325 1113 2377 grandia
1144 2326 1262 2365 traxit

137 2397 308 2424 ov11).11.
1106 2396 1123 2426 1
