1554 2563
137 114 220 156 124
351 123 548 148 PHILOMELA
685 108 899 144 METAMM
913 136 921 144 .

165 231 231 263 625
254 222 423 274 Attulit,
455 226 495 260 et
524 221 653 272 parvis
685 219 846 259 adduxit
877 217 974 258 colla
1005 218 1186 270 lacertis,

253 282 447 332 Mixtaque
478 278 677 318 blanditiis
708 277 926 330 puerilibus
957 277 1089 316 oscula
1121 277 1270 328 iunxit,

253 340 356 379 Mota
388 338 547 390 quidem
578 343 639 377 est
663 338 871 389 genetrix,
901 337 1146 386 infractaque
1184 336 1361 375 constitit
1396 335 1478 374 ira:

255 399 445 449 {nv-itique
477 396 580 436 oculi
610 396 780 435 lacrimis
811 395 997 434 maduere
1028 395 1195 434 coactis.

257 457 333 496 Sed
365 456 482 495 simul
514 468 562 494 ex
593 455 712 494 nimia
743 460 914 493 mentem
946 454 1090 505 pietate
1122 452 1252 492 labare

168 525 233 555 630
257 516 417 568 Sensit,
448 514 494 553 ab
526 514 601 553 hoc
631 515 776 553 iterum
813 518 873 552 est
910 512 956 551 ad
994 511 1126 551 vultus
1164 523 1276 550 versa
1308 511 1480 551 sororisz

257 574 379 626 Inque
412 575 537 612 vicem
569 577 751 625 spectans
783 571 917 610 ambos
949 568 1037 610 ‘cur
1068 567 1261 609 admovet'
1294 571 1422 621 inquit

258 631 380 672 ‘Alter
412 631 617 671 blanditias
637 663 648 684 ‚
679 636 787 682 rapta
820 630 910 669 silet
940 629 1061 669 altera
1092 626 1258 680 lingua?

259 692 383 738 Quam
415 696 526 730 vocat
544 690 607 729 hic
627 695 793 729 matrem
811 720 822 741 ,
854 700 926 728 cur
957 700 1036 727 non
1056 693 1169 727 vocat
1187 687 1250 727 illa
1270 698 1447 726 sororem
1460 683 1483 725 ’ἲ

260 751 331 790 Cui
363 752 417 789 sis
450 755 599 801 nupta,
631 748 747 801 vide,
780 747 978 786 Pandione
1011 745 1128 786 nata!
1160 747 1300 785 marito

172 819 237 849 635
261 809 481 861 Degeneras
500 806 521 847 Ῥ
553 807 682 846 scelus
714 813 775 846 est
805 807 928 858 pietas
959 807 1000 844 in
1031 806 1196 856 coniuge
1228 804 1354 843 Tereo
1369 801 1394 843 .'

260 868 340 908 Nec
371 879 509 920 mora,
541 867 659 906 traxit
689 865 775 917 Ityn
793 897 805 918 ‚
835 864 956 904 veluti
987 863 1198 915 Gangetica
1229 875 1366 902 cervae

261 927 487 966 Lactentem
519 926 643 964 fetum
673 936 745 976 per
778 923 891 963 silvas
923 924 1036 974 tigris
1068 934 1230 974 opacas.

262 986 389 1038 thue
421 985 561 1024 domus
592 983 690 1022 altae
722 989 874 1034 partem
905 988 1069 1021 tenuere
1100 987 1314 1033 remotam,

261 1044 584 1095 Tendentemque
615 1054 754 1081 manus
785 1047 826 1080 et
855 1042 931 1080 iam
963 1052 1033 1080 sua
1063 1040 1140 1079 fata
1172 1039 1367 1079 videntem

174 1112 241 1142 640
263 1103 311 1142 Et
343 1100 483 1142 ‘mater
502 1134 513 1155 ‚
544 1098 685 1140 mater'
718 1100 948 1139 clama-ntem
981 1105 1020 1138 et
1051 1099 1148 1138 colla
1180 1104 1379 1150 petentem

262 1161 367 1201 Ense
399 1162 491 1200 ferit
521 1159 675 1211 Progne
694 1191 705 1212 ,
736 1158 850 1198 lateri
882 1170 957 1210 qua
989 1163 1129 1209 pectus
1162 1157 1368 1209 adhaeret,

263 1220 345 1260 Nec
375 1219 526 1259 vultum
558 1219 677 1257 vertit
696 1248 704 1256 .
743 1219 837 1256 satis
868 1216 924 1256 illi
955 1216 1001 1255 ad
1034 1217 1109 1255 fata
1141 1216 1202 1255 vel
1233 1228 1356 1255 unum

263 1278 412 1318 Vulnus
444 1283 557 1317 erat:
588 1276 765 1328 iugulum
798 1276 902 1315 ferro
934 1274 1147 1314 Philomela
1179 1273 1362 1313 resolvit.

264 1337 435 1389 Vivaque
467 1336 594 1375 adhuc
626 1337 856 1385 animaeque
888 1333 1033 1385 aliquid
1071 1334 1280 1372 retinentia
1312 1331 1487 1372 membra

177 1404 242 1436 645
267 1396 488 1447 Dilaniant3
519 1406 610 1446 pars
641 1394 730 1432 inde
764 1394 866 1432 cavis
897 1392 1045 1431 exultat
1075 1393 1206 1445 aenis,

266 1455 361 1494 Pars
392 1453 552 1493 veribus
584 1452 785 1491 stridunt:
817 1457 975 1490 manant
1004 1450 1220 1502 penetralia
1253 1449 1364 1490 tabo.

266 1513 334 1553 His
366 1512 523 1552 adhibet
554 1512 723 1550 coniunx
755 1511 934 1561 ignarum
959 1509 1083 1548 Terea
1114 1510 1283 1561 mensis,

267 1572 315 1612 Et
345 1572 461 1624 patrii
493 1571 616 1610 moris
647 1581 802 1608 sacrum
834 1569 996 1607 mentita
1014 1600 1025 1620 ‚
1057 1568 1160 1619 quod
1192 1569 1261 1607 uni

267 1630 339 1670 Fas
371 1632 423 1669 sit
453 1629 560 1669 adire
591 1629 674 1667 viro
694 1659 705 1680 ,
737 1628 900 1667 comites
933 1626 1176 1677 famulosque
1209 1627 1394 1665 removit.

179 1698 245 1729 650
268 1690 353 1742 lpse
386 1688 528 1728 sedens
554 1687 650 1726 solio
683 1686 834 1725 Tereus
867 1684 1044 1724 sublimis
1076 1686 1177 1724 avito

268 1748 477 1800 Vescitur,
509 1748 627 1797 inque
660 1757 770 1784 suam
802 1756 871 1784 sua
903 1745 1053 1783 viscera
1084 1745 1263 1795 congerit
1293 1743 1442 1782 alvum.

268 1806 470 1857 Tantaque
503 1817 579 1843 nox
611 1805 729 1843 animi
760 1808 849 1855 est,
881 1800 980 1854 ‘Ityn
1020 1802 1097 1841 huc
1134 1799 1339 1841 accersite'
1372 1802 1492 1840 dixit„

270 1863 521 1904 Dissimulare
554 1864 691 1914 nequit
722 1861 895 1901 crudelia
926 1860 1064 1912 gaudia
1095 1860 1273 1912 Progne:

271 1923 448 1975 [Iamque
481 1934 573 1962 suae
607 1922 770 1973 cupiens
801 1921 970 1959 existere
1002 1920 1138 1958 nuntia
1164 1919 1283 1958 cladis
1297 1918 1326 1971 ‚]

183 1991 248 2021 655
270 1980 395 2022 ‘Intus
427 1980 546 2019 habes
564 2012 576 2033 ‚
611 1991 728 2031 quem
754 1975 899 2030 poscis'
931 1978 1011 2017 ait.
1049 1979 1317 2029 circumspicit
1346 1976 1434 2030 ille,

270 2042 396 2092 Atque
417 2039 484 2079 ubi
516 2040 595 2091 sit,
628 2039 808 2089 quaerit.
848 2037 1053 2088 quaerenti
1072 2037 1296 2087 iterumque
1316 2037 1494 2087 vocanti„

272 2099 384 2138 Sicut
415 2103 498 2137 erat
529 2098 675 2149 sparsis
707 2095 837 2135 furiali
869 2094 988 2134 caede
1020 2094 1193 2146 capillis,

272 2157 488 2209 Prosiluit,
519 2155 702 2207 Ityosque
735 2159 851 2206 caput
881 2152 1094 2192 Philomela
1126 2158 1334 2192 cruentum

272 2215 377 2255 Misit
406 2217 446 2254 in
478 2226 545 2254 ora
576 2214 729 2266 patris:
761 2224 834 2251 nec
866 2217 1042 2263 tempore
1074 2210 1210 2250 maluit
1240 2211 1318 2250 ullo

185 2283 252 2314 6550
271 2273 391 2313 Posse
423 2273 530 2324 loqui
562 2278 602 2311 et
632 2272 783 2310 meritis
815 2271 952 2310 testari
982 2269 1120 2321 gaudia
1151 2269 1287 2309 dictis.

273 2331 464 2371 Thracius
497 2331 646 2381 ingenti
678 2341 832 2368 mensas
865 2328 1034 2367 clamore
1065 2327 1242 2380 repellit,
