1554 2563
140 110 225 152 240
393 122 524 146 crenus
692 110 907 145 METAMM
922 137 930 145 .

258 220 484 272 Seditioque
517 232 660 272 repens
691 220 889 272 dubioque
922 226 1080 260 auctore
1115 220 1300 261 Susurri.

257 279 344 330 Ipsa
363 311 373 331 ,
406 279 499 331 quid
531 280 572 318 in
605 278 710 319 caelo
742 291 877 318 rerum
908 279 1123 331 pelagoque
1156 286 1315 331 geratur

257 337 307 377 Et
337 337 478 376 tellure
496 369 508 391 ,
539 338 673 391 videt,
704 343 908 389 totumque
941 340 1106 390 inquirit
1135 340 1176 377 in
1209 338 1366 378 orbem.

316 396 479 436 Fecerat
509 396 606 436 haec
636 402 802 450 notum,
835 397 969 436 Graias
1002 409 1091 436 cum
1123 397 1244 436 milite
1277 398 1370 436 sorti

194 463 236 494 65
257 454 476 494 Adventare
508 461 612 495 rates
633 486 641 495 .
680 468 808 507 neque
839 457 1111 507 inexpectatus
1143 457 1183 495 in
1215 457 1333 495 armis

258 513 390 553 Hostis
422 514 560 553 adest.
598 514 809 566 prohibent
840 514 968 553 aditus
987 546 998 566 ,
1029 514 1200 565 litusque
1234 519 1394 554 tuentur

257 572 410 624 Troes3
442 578 482 612 et
512 572 706 612 Hectorea
737 575 888 624 primus
920 573 1089 612 fataliter
1120 572 1255 625 hasta,

257 631 471 670 Protesilae
490 663 501 684 ,
533 632 668 671 cadis:
700 634 984 683 commissaque
1016 631 1165 683 proelia
1196 643 1335 683 magno

260 690 371 729 Stant
397 690 560 744 Danais,
593 691 784 742 fortisque
810 692 960 729 animae
988 702 1083 729 nece
1110 692 1290 741 cognitus
1316 689 1485 743 Hector3

195 756 238 788 ‘10
258 748 339 787 Nec
370 748 543 800 Phryges
576 750 715 800 exiguo
734 781 745 802 ,
777 749 871 800 quid
902 749 1068 788 Achaica
1100 749 1260 788 dextera
1291 754 1449 802 posset,

260 807 456 858 Sanguine
489 813 727 847 senserunt.
767 813 807 847 et
837 809 914 846 iam
947 808 1060 859 Sigea
1091 807 1285 847 rubebant

258 865 391 905 Litora
409 898 420 919 ,
451 868 527 905 iam
559 866 636 905 leto
668 866 800 918 proles
831 866 1027 918 Neptunia
1045 898 1056 919 ,
1089 866 1243 918 Cygnus

259 924 362 963 Mille
394 926 499 964 viros
531 925 722 977 dederat,
753 926 830 964 iam
862 937 983 964 curru
1016 925 1185 964 instabat
1215 924 1408 978 Achilles,

258 983 434 1034 Totaque
466 983 642 1023 Peliacae
674 983 875 1023 sternebat
906 984 1079 1035 cuspidis
1111 985 1191 1023 ictu

196 1049 238 1081 ’15
259 1042 450 1095 Agmina3
481 1055 631 1094 perque
664 1044 768 1082 acies
801 1048 868 1082 aut
899 1041 1075 1094 Cygnum
1106 1048 1173 1082 aut
1203 1041 1371 1081 Hectora

1080 1109 1083 1111 ·
1291 1112 1484 1152 quaerens

261 1159 521 1210 Congreditur
554 1160 684 1211 Cygno
706 1191 714 1199 .
754 1160 950 1199 decimum
982 1160 1123 1199 dilatus
1155 1161 1195 1199 in
1227 1172 1373 1199 annum

259 1218 405 1257 Hector
437 1223 548 1257 erat.
587 1224 671 1257 tum
703 1219 800 1257 colla
831 1220 922 1269 iugo
956 1221 1133 1257 canentia
1165 1230 1323 1270 pressos

259 1276 498 1316 Exhortatus
530 1289 682 1329 equos,
715 1289 877 1316 currum
909 1277 1053 1316 direxit
1083 1279 1123 1315 in
1155 1277 1331 1329 hostem,

260 1336 577 1386 Concutiensque
610 1337 691 1375 suis
724 1335 913 1374 vibrantia
945 1336 1019 1374 tela
1052 1335 1207 1374 lacertis

196 1401 240 1433 80
262 1392 466 1445 eQuisquis
498 1406 540 1432 es
560 1425 570 1445 ,
603 1407 624 1432 o
657 1396 808 1433 iuvenis
827 1391 853 1446 ,'
886 1394 984 1433 <lixit
1015 1392 1201 1433 ‘solamen
1233 1393 1373 1433 habeto

260 1453 397 1491 Mortis
416 1484 427 1505 ,
459 1452 506 1491 ab
539 1452 752 1492 Haemonio
786 1453 890 1504 quod
923 1454 976 1491 sis
1007 1453 1206 1504 iugulatus
1237 1453 1384 1492 Achille
1400 1449 1424 1492 .’

260 1511 458 1550 Hactenus
490 1511 677 1550 Aeacides
698 1543 707 1551 .
745 1524 880 1550 vocem
913 1513 1039 1563 gravis
1072 1512 1181 1551 hasta
1213 1518 1347 1551 secuta
1378 1517 1461 1564 est,

261 1569 358 1619 [Sed
391 1582 625 1621 quamquam
657 1575 765 1609 certa
797 1570 927 1609 nullus
961 1571 1034 1609 fuit
1065 1582 1178 1609 error
1209 1572 1248 1609 in
1281 1570 1414 1623 hasta,

259 1628 321 1667 Nil
353 1634 483 1667 tamen
516 1629 649 1668 emissi
680 1629 849 1680 profecit
880 1630 1058 1667 acumine
1091 1629 1186 1667 ferri
1198 1628 1227 1680 ,]

194 1694 238 1726 85
258 1687 387 1738 thue
420 1686 552 1726 hebeti
583 1693 722 1739 pectus
754 1688 1023 1726 tantummodo
1054 1687 1232 1726 contudit
1263 1689 1365 1727 ictu.

261 1743 372 1784 ‘Nate
406 1745 506 1798 dea,
538 1758 628 1784 nam
660 1752 698 1785 te
731 1746 831 1784 sama
862 1748 1137 1797 praenovimus
1156 1743 1183 1798 ,⁹
1215 1748 1344 1798 inquit

260 1803 326 1842 Ille
360 1801 470 1854 ‘quid
501 1817 521 1843 a
553 1804 665 1843 nobis
696 1804 838 1843 vulnus
871 1806 1024 1843 miraris
1057 1805 1192 1844 abesse
1212 1802 1248 1843 ‘2’
1282 1826 1336 1833 -—

259 1862 472 1901 Mirabatur
504 1864 609 1902 enim
635 1885 690 1891 —
717 1861 811 1902 ‘non
844 1862 962 1915 haec,
995 1875 1110 1914 quam
1143 1865 1298 1915 cernis,
1330 1864 1483 1914 equinis

259 1921 287 1959 F
292 1921 377 1960 ulva
408 1920 511 1960 iubis
544 1923 693 1974 cassis,
725 1934 853 1972 neque
883 1934 982 1960 onus
1015 1934 1106 1961 cava
1137 1934 1270 1973 parma
1301 1923 1482 1961 sinistrae

195 1988 239 2018 90
259 1979 411 2018 Auxilio
443 1979 540 2019 mihi
571 1986 691 2032 sunt3
724 1980 842 2019 decor
874 1986 934 2018 est
965 1982 1166 2030 quaesitus
1198 1980 1244 2019 ab
1276 1982 1385 2019 istis.
1553 2014 1554 2017 ,

258 2038 361 2076 Mars
392 2050 548 2090 quoque
575 2038 625 2076 ob
657 2038 732 2077 hoc
758 2050 898 2090 capere
925 2050 1030 2077 arma
1056 2039 1181 2078 solet.
1218 2038 1482 2079 removebitur
1550 2022 1554 2114 d

1248 2097 1366 2137 huius

258 2155 457 2206 'regminis
490 2156 662 2194 officium
681 2187 692 2207 ,
724 2160 853 2194 tamen
885 2155 1140 2194 indestrictus
1173 2155 1307 2194 abibo.

259 2212 329 2252 Est
360 2213 505 2264 aliquid
524 2246 535 2266 ‚
567 2227 645 2253 non
678 2226 764 2253 esse
797 2220 924 2253 satum
955 2214 1123 2252 Nereide
1142 2246 1153 2266 ,
1185 2215 1253 2253 sed
1286 2215 1353 2265 qui

258 2270 461 2322 Nereaque
495 2279 534 2311 et
565 2278 674 2311 natas
707 2278 746 2312 et
777 2278 903 2312 tot-um
935 2278 1129 2323 temperet
1160 2285 1307 2324 aequor
1321 2268 1347 2313 ,⁹

193 2336 237 2368 95
259 2328 362 2368 Dixit
379 2360 391 2381 ,
423 2336 462 2369 et
492 2331 704 2370 haesurum
737 2331 851 2383 clipei
884 2333 1107 2370 curvamine
1139 2331 1261 2371 telum
1542 2350 1545 2372 ι
