1554 2563
608 124 641 160 V
656 151 664 168 ,
691 128 878 161 577-648
894 152 902 158 .
1029 138 1210 162 ammosa
1344 128 1423 169 105

205 234 272 274 Sol
304 239 389 274 erat
419 246 440 273 a
471 240 611 286 tergo:
642 234 719 274 vidi
751 235 986 286 praecedere
1018 235 1172 288 longam

116 300 183 332 615
203 295 301 333 Ante
332 290 453 345 pedes
484 292 662 333 umbram
695 314 748 322 --
782 295 858 332 nisi
889 295 922 332 si
954 295 1070 333 timor
1101 295 1163 334 illa
1197 294 1349 334 videbat
1373 317 1420 324 —

205 351 282 390 Sed
314 357 423 392 certe
456 353 686 402 sonitusque
717 352 862 404 pedum
894 352 1096 405 terrebat,
1129 359 1169 392 et
1199 355 1336 406 ingens

204 408 378 449 Crinales
409 411 523 450 vittas
555 409 709 449 afflabat
739 410 932 449 anhelitus
965 412 1068 450 or-is.

203 467 320 507 Fessa
357 467 489 509 labore
527 469 641 520 fugae
679 465 802 508 ‘mser
839 481 952 522 opem
977 501 988 521 ‚
1026 468 1349 524 deprendimur,'

1248 532 1426 583 inquam,

206 582 444 638 ‘Armigerae
462 617 474 640 ‚
505 585 694 638 Dictynna
713 618 724 639 ,
756 592 845 626 tuae
863 619 875 640 ‚
907 589 971 626 cui
1002 599 1117 639 saepe
1150 588 1292 627 dedisti

115 651 182 684 620
202 643 323 683 Ferre
355 650 444 684 tuos
476 656 590 685 arcus
622 645 850 697 inclusaque
884 646 959 685 tela
990 646 1173 697 pharetra
1188 644 1261 685 .'”'

204 702 308 742 Mota
339 703 410 742 dea
442 708 531 755 est,
563 705 780 755 spissisque
813 705 944 744 ferens
976 717 997 744 e
1030 704 1200 744 nubibus
1233 717 1349 745 unam

202 761 262 801 Me
294 773 414 814 super
444 763 608 801 iniecit.
646 762 787 802 lustrat
818 763 981 814 caligine
1013 768 1185 816 tectum,

203 819 356 870 [Amnis
374 851 385 873 ,
417 826 456 859 et
487 822 646 872 ignarus
678 822 828 860 circum
860 834 951 860 cava
982 821 1113 861 nubila
1146 823 1300 873 quaerit
1313 821 1341 873 ε]

202 877 346 929 Bisque
377 878 507 918 locum
526 911 536 931 ,
569 891 645 930 quo
673 891 734 918 me
767 880 837 919 dea
868 886 1048 933 texerat,
1080 882 1228 920 inscius
1260 881 1402 933 ambit,

114 944 181 976 625
202 936 252 976 Et
282 936 342 976 bis
375 934 477 976 ‘mio
509 937 732 990 Arethusa,
764 940 800 977 io
833 938 1027 977 Arethusa
1046 935 1120 978 !'''’
1152 941 1323 978 vocavit.

203 995 304 1041 Quid
341 995 437 1035 mihi
474 1001 568 1036 tunc
606 998 723 1035 animi
762 998 928 1036 miserae
966 998 1040 1036 suit
1066 995 1088 1036 ⁴?
1125 1009 1223 1036 anne
1262 998 1366 1049 quod

1191 1068 1310 1107 agnae
1342 1062 1424 1109 est,

203 1113 322 1164 Siqua
353 1113 466 1164 lupos
498 1114 607 1153 audit
638 1115 788 1153 circum
820 1113 970 1154 stabula
1001 1113 1076 1154 alta
1108 1112 1354 1154 frementes?

201 1173 278 1211 Aut
308 1171 461 1224 lepori,
493 1174 560 1223 qui
592 1184 709 1224 vepre
739 1172 864 1212 latens
896 1172 1051 1212 hostilia
1076 1175 1204 1212 cernit

202 1229 279 1268 Ora
310 1241 450 1269 canum
468 1261 479 1283 ,
510 1230 717 1282 nullosque
749 1231 866 1270 audet
897 1231 989 1270 dare
1022 1243 1187 1283 corpore
1219 1230 1383 1271 motus?

114 1296 181 1329 630
201 1287 286 1327 Non
318 1293 448 1328 tamen
480 1288 682 1342 abscedit3
713 1301 841 1340 neque
874 1291 978 1328 enim
1010 1292 1171 1341 vestigia
1203 1292 1329 1329 cernit

201 1346 373 1398 Longius
404 1346 482 1386 ulla
512 1347 686 1399 pedum:
718 1353 847 1387 servat
878 1348 1101 1400 nubemque
1134 1348 1365 1399 locumque.

202 1404 378 1457 Occupat
408 1404 589 1445 obsessos
622 1406 743 1446 sudor
774 1407 868 1446 mihi
900 1407 1065 1458 frigidus
1097 1413 1230 1459 artus,

201 1463 490 1515 Caeruleaeque
522 1464 666 1503 cadunt
697 1470 779 1503 toto
812 1465 859 1504 de
892 1477 1057 1516 corpore
1090 1471 1246 1517 guttae:

202 1522 364 1573 Quaque
394 1522 534 1574 pedem
567 1524 697 1575 movi,
730 1530 859 1562 manat
890 1523 996 1562 lacus
1015 1555 1027 1575 ‚
1058 1536 1158 1575 eque
1191 1523 1339 1575 capillis

113 1589 180 1621 635
202 1581 279 1619 Ros
312 1580 443 1633 cadit3
474 1586 515 1620 et
545 1582 691 1633 citius,
723 1593 839 1632 quam
870 1594 976 1621 nunc
1001 1581 1073 1620 tibi
1103 1583 1204 1621 facta
1235 1594 1424 1635 renarro,

201 1639 245 1678 In
276 1638 410 1678 latices
441 1645 573 1678 mutor
592 1670 601 1679 .
640 1640 707 1678 sed
735 1641 838 1678 enim
869 1641 1071 1692 cognoscit
1102 1646 1246 1679 amatas
1302 1649 1422 1676 qu-

202 1699 335 1737 Amnis
373 1709 521 1750 aquas,
552 1699 759 1749 positoque
796 1699 899 1751 viri,
931 1698 1035 1750 quod
1073 1704 1323 1752 sumpserat,
1355 1711 1421 1738 ore

204 1755 376 1796 Vertitur
407 1757 447 1795 in
478 1758 658 1808 proprias
676 1788 688 1809 ,
719 1762 763 1796 ut
795 1768 837 1795 se
869 1757 964 1796 mihi
995 1758 1186 1811 misceat,
1217 1757 1363 1797 undas.

201 1813 306 1854 Delia
337 1816 444 1866 rupit
474 1814 637 1854 humum
656 1846 668 1867 ,
699 1816 904 1866 caecisque
936 1827 1007 1866 ego
1039 1827 1167 1855 mersa
1199 1817 1375 1855 cavernis

54 1868 56 1871 ’
113 1880 182 1913 640
202 1872 382 1912 Advehor
413 1872 612 1925 Ortygiam
630 1905 641 1926 ‚
674 1885 772 1924 quae
804 1885 866 1912 me
884 1905 896 1926 ‚
928 1875 1158 1924 cognomine
1184 1875 1292 1913 divae

200 1930 319 1971 Grata
349 1942 458 1971 meae
476 1963 488 1984 ,
519 1943 682 1983 superas
714 1931 848 1971 eduxit
878 1933 1003 1983 prima
1035 1931 1109 1971 sub
1136 1944 1250 1971 auras
1265 1929 1321 1971 .'’'

258 1988 339 2029 Hac
370 1990 563 2029 Arethusa
594 1996 710 2029 tenus
730 2020 739 2029 .
777 1991 952 2041 geminos
985 1990 1056 2028 dea
1087 1990 1226 2029 fertilis
1258 2003 1403 2043 angues

201 2047 392 2088 Curribus
424 2048 620 2102 admovit,
652 2049 852 2099 frenisque
884 2050 1059 2087 coercuit
1090 2061 1181 2101 ora,

200 2105 250 2145 Et
279 2106 451 2146 medium
483 2106 580 2145 caeli
610 2113 819 2157 terraeque
851 2118 922 2157 per
954 2110 1043 2145 aera
1074 2113 1183 2145 vecta
1215 2113 1276 2146 est

112 2171 179 2203 645
199 2167 326 2215 Atque
356 2164 481 2204 levem
512 2177 674 2204 currum
705 2164 908 2203 Tritonida
940 2166 1046 2204 misit
1076 2166 1116 2204 in
1148 2165 1287 2204 urbem

199 2221 470 2274 Triptolemo:
500 2224 722 2274 partimque
754 2223 843 2262 rudi
875 2223 962 2262 data
993 2224 1142 2262 semina
1172 2224 1288 2263 iussit

201 2280 395 2332 Spargere
426 2280 546 2320 humo
565 2312 576 2333 ‚
606 2282 750 2332 partim
781 2286 870 2332 post
895 2287 1072 2332 tempora
1090 2281 1205 2333 longa
1224 2282 1418 2322 recultae,

201 2337 282 2379 lam
311 2350 430 2392 super
461 2338 647 2393 Europen
680 2338 856 2379 sublimis
888 2344 928 2379 et
958 2339 1074 2379 Asida
1104 2345 1250 2381 terram
