1554 2563
137 119 221 161 228
373 132 528 154 norom:
687 118 902 153 METAMM
916 145 924 153 .

165 239 234 269 420
257 229 518 281 Singultuque
550 230 634 280 pias
665 229 978 280 interrumpente
1011 227 1203 280 querellas

257 287 378 334 ‘Quae
412 300 497 326 mea
528 288 642 339 culpa
674 293 779 326 tuam
798 284 824 340 ,⁹
857 287 954 326 dixit
985 284 1201 326 ‘carissime
1221 319 1231 339 ,
1264 293 1435 326 mentem

257 344 421 386 Vertit?
454 346 519 386 ubi
552 354 640 399 est,
673 358 771 397 quae
804 358 898 385 cura
929 347 1006 384 mei
1037 348 1145 398 prior
1177 358 1263 384 esse
1297 343 1478 385 solebat?

257 406 336 444 Iam
368 411 479 456 potes
511 405 680 456 Alcyone
713 417 878 444 securus
910 404 1046 443 abesse
1077 402 1252 443 relicta?

256 464 336 503 lam
367 466 425 502 via
459 464 571 515 longa
602 461 768 515 placet?
806 466 882 502 iam
917 475 1004 502 sum
1036 462 1107 502 tibi
1140 464 1267 502 carior
1299 462 1438 502 absens
1458 461 1480 502 ‘?

168 531 238 562 425
259 524 307 562 At
325 555 336 576 ,
368 529 463 574 puto
483 554 494 575 ,
525 535 596 574 per
628 528 754 561 terras
785 524 861 561 iter
893 528 982 574 est,
1013 527 1243 573 tantumque
1276 521 1438 574 dolebo,

257 582 343 620 Non
376 583 492 620 etiam
524 587 724 633 metuam,
756 593 953 632 curaeque
985 582 1125 619 timore
1159 580 1370 619 carebunt.

258 641 438 692 Aequora
469 652 531 678 me
563 645 715 679 terrent
746 645 786 678 et
816 641 926 691 ponti
957 640 1081 678 tristis
1112 640 1261 691 imago,

258 699 307 738 Et
338 699 485 738 laceras
518 711 644 750 nuper
676 698 826 737 tabulas
858 700 897 736 in
930 697 1042 736 litore
1074 698 1175 750 vidi,

258 758 308 797 Et
339 770 454 809 saepe
485 759 524 796 in
557 757 718 796 tumulis
751 758 834 795 sine
867 768 1032 808 corpore
1064 758 1220 795 nomina
1253 756 1350 808 legi.

170 825 238 857 430
258 817 362 856 Neve
395 822 506 855 tuum
539 816 651 854 fallax
683 816 855 855 animum
887 815 1027 854 fiducia
1059 821 1215 868 tangat,

259 874 372 921 Quod
405 887 518 913 socer
549 874 788 926 Hippotades
819 873 890 913 tibi
922 875 1001 926 sit,
1033 875 1100 925 qui
1133 886 1291 913 carcere
1324 874 1446 914 sortes

260 934 468 973 Contineat
499 939 665 985 ventos,
698 938 765 985 et,
797 945 887 971 cum
918 932 1039 984 velit,
1072 944 1240 983 aequora
1273 933 1421 984 placet.

261 992 358 1032 Cum
391 992 513 1031 semel
544 993 677 1031 emissi
708 997 922 1031 tenuerunt
954 1003 1123 1042 aequora
1155 993 1283 1044 venti,

260 1051 321 1090 Nil
353 1051 428 1090 illis
460 1052 624 1090 vetitum
656 1056 744 1102 est,
776 1049 1164 1100 incommendataque
1197 1050 1312 1089 tellus

171 1118 238 1149 435
260 1109 396 1148 Omnis
415 1141 425 1161 ,
459 1115 497 1148 et
523 1121 636 1147 omne
664 1109 808 1147 fretum
829 1140 837 1147 .
876 1108 972 1147 caeli
1003 1121 1160 1159 quoque
1187 1108 1318 1147 nubila
1344 1117 1484 1148 vexant
1515 1108 1520 1112 '

260 1168 554 1218 Excutiuntque
588 1168 681 1206 feris
712 1167 851 1206 rutilos
884 1166 1142 1206 concursibus
1173 1168 1306 1218 ignes.

261 1227 347 1272 Quo
379 1228 501 1277 magis
533 1226 604 1263 hos
636 1227 754 1278 novi,
781 1247 835 1253 —
863 1238 952 1264 nam
984 1227 1074 1264 novi
1105 1231 1145 1264 et
1176 1238 1290 1277 saepe
1322 1232 1483 1278 paterna

260 1285 383 1324 Parva
414 1285 528 1323 domo
560 1284 638 1322 vidi
671 1306 725 1311 —
757 1285 879 1335 magis
917 1283 990 1322 hoc
1026 1296 1116 1323 reor
1148 1296 1233 1322 esse
1267 1285 1482 1324 timendos.

263 1343 375 1389 Quod
408 1349 473 1382 tua
506 1344 538 1381 si
569 1342 674 1381 ssecti
705 1342 889 1394 precibus
921 1344 1114 1381 sententia
1147 1343 1287 1396 null-is,

174 1412 241 1442 440
263 1403 359 1441 Care
379 1434 389 1454 ,
421 1406 580 1453 potest,
613 1403 781 1439 coniunx
801 1433 812 1454 ,
845 1402 1086 1452 nimiumque
1112 1413 1154 1440 es
1183 1408 1316 1440 certus
1342 1402 1484 1453 eundi,

261 1461 321 1499 Me
354 1472 511 1511 quoque
544 1459 635 1498 tolle
668 1459 811 1499 simul.
850 1465 957 1498 certe
990 1459 1222 1498 iactabimur
1254 1473 1354 1513 una,

263 1519 342 1558 Nec
375 1520 451 1557 nisi
483 1530 581 1569 quae
614 1520 767 1571 patiar,
799 1524 999 1570 metuam3
1031 1520 1257 1570 pariterque
1290 1520 1483 1571 feremus,

264 1577 458 1628 Quicquid
491 1578 595 1628 erit3
633 1578 780 1628 pariter
812 1589 931 1628 super
963 1589 1133 1628 aequora
1164 1577 1239 1616 lata
1272 1578 1445 1616 feremur
1460 1575 1483 1616 .'

263 1636 421 1674 Talibus
453 1635 623 1674 Aeolidis
656 1635 770 1674 dictis
802 1635 1050 1686 lacrimisque
1083 1642 1262 1675 movetur

174 1702 243 1734 445
265 1694 451 1733 Sidereus
471 1695 664 1733 coniunx:
691 1706 818 1745 neque
846 1696 949 1732 enim
970 1695 1097 1732 minor
1118 1696 1217 1746 ignis
1236 1696 1276 1733 in
1296 1696 1380 1747 ipso
1402 1701 1484 1734 est.

265 1753 341 1791 Sed
375 1765 503 1803 neque
535 1754 759 1804 propositos
791 1752 916 1804 pelagi
948 1752 1144 1791 dimittere
1178 1765 1343 1805 cursus,

265 1811 344 1850 Nec
375 1811 457 1849 vult
487 1811 684 1862 Alcyonen
716 1812 756 1849 in
787 1817 938 1862 partem
970 1810 1154 1850 adhibere
1186 1811 1346 1865 pericli3

264 1869 461 1920 Multaque
493 1869 697 1920 respondit
728 1869 906 1908 timidum
938 1869 1100 1908 solantia
1132 1876 1292 1921 peetuS.

264 1928 349 1966 Non
382 1933 510 1966 tamen
543 1928 689 1966 idcirco
722 1939 877 1966 eausam
909 1927 1049 1978 probat
1068 1959 1076 1966 .
1115 1928 1261 1967 addidit
1292 1929 1366 1968 illis

175 1995 244 2026 450
264 1986 347 2025 Hoc
378 1998 534 2037 quoque
568 1986 737 2025 lenimen
756 2018 767 2038 ,
799 1998 875 2037 quo
909 1985 989 2024 solo
1022 1986 1129 2025 flexit
1160 1994 1376 2027 amantem:

266 2043 412 2095 ‘Longa
444 2044 602 2095 quidem
635 2050 696 2083 est
726 2044 838 2083 nobis
871 2046 995 2082 omnis
1027 2057 1164 2084 mora:
1196 2045 1263 2084 sed
1297 2045 1367 2085 tibi
1398 2047 1485 2085 iuro

266 2104 341 2142 Per
372 2104 520 2154 patrios
552 2104 692 2156 ignes,
724 2104 757 2142 si
789 2115 849 2141 me
882 2102 996 2141 modo
1029 2103 1104 2142 sata
1136 2105 1359 2157 remittent,

266 2162 364 2200 Ante
397 2173 679 2214 reversurum,
712 2173 827 2212 quam
859 2160 949 2200 luna
982 2160 1041 2199 bis
1074 2162 1232 2213 impleat
1263 2162 1399 2201 orbem
1413 2159 1438 2201 .'

264 2219 334 2257 llis
366 2219 435 2258 ubi
465 2221 669 2271 promissis
702 2232 792 2270 spes
824 2226 884 2258 est
915 2219 1068 2258 admota
1099 2232 1308 2273 recursus,

178 2286 244 2315 455
265 2277 452 2316 Protinus
485 2278 663 2316 eductam
696 2277 895 2316 navalibus
927 2290 1096 2328 aequore
1130 2280 1278 2331 tingui,

265 2337 477 2386 Aptarique
509 2339 591 2375 suis
623 2338 760 2387 pinum
791 2336 900 2374 iubet
931 2339 1203 2376 armamentis.
