1554 2563
127 158 213 200 322
401 172 498 194 cu’US
677 159 889 194 METAMM
903 185 913 195 .

244 268 420 321 Insistit,
452 270 682 320 priscosque
714 269 808 309 deos
839 282 861 308 e
888 281 996 309 more
1027 276 1209 322 precatus

244 323 344 365 ‘Est'
375 328 428 366 ait
460 324 538 366 ‘hic
571 340 674 366 unus
693 359 704 381 ‚
736 340 852 379 quem
884 341 952 367 vos
984 330 1058 368 nisi
1089 329 1232 380 pellitis
1265 329 1384 382 urhe,

156 392 221 424 595
243 385 324 423 Rex
357 387 459 425 erit.
498 388 531 424 is
563 387 629 437 qui
661 388 740 439 sit,
772 388 881 438 signo
900 418 911 439 ,
943 399 1020 426 non
1053 389 1209 427 nomine
1241 387 1388 428 dicam:

243 443 398 482 Cornua
430 445 558 483 fronte
590 447 719 496 gerit.
758 457 874 496 quem
907 445 1019 484 nobis
1050 446 1195 485 indicat
1226 458 1374 500 augur,

242 501 283 540 Si
314 502 476 542 Romam
507 505 692 556 intrarit,
724 504 924 542 famularia
956 505 1041 542 iura
1073 504 1277 544 daturum.

244 559 311 599 Ille
345 562 503 612 quidem
534 563 662 613 potuit
692 568 824 613 portas
855 563 1075 613 irrumpere
1108 569 1286 614 apertas:

246 617 323 658 Sed
357 632 427 659 nos
458 620 710 673 obstitimus,
743 623 917 671 quamvis
949 622 1196 660 coniunctior
1227 622 1291 660 illo

152 686 220 717 600
240 676 361 717 Nemo
390 678 483 717 mihi
510 686 596 718 est.
635 689 702 718 vos
728 679 826 718 urbe
853 681 980 718 virum
1005 679 1209 731 prohibete
1227 712 1239 733 ‚
1265 680 1460 733 Quirites,

241 734 337 790 Vel,
370 739 403 776 si
434 737 573 788 dignus
605 740 709 790 erit,
741 737 923 789 gravibus
955 739 1098 777 vincite
1131 740 1303 791 catenis,

244 797 321 835 Aut
352 796 459 834 finite
492 803 639 835 metum
672 796 797 835 fatalis
829 802 955 835 morte
987 798 1140 848 tyranni
1156 793 1180 836 .'

241 854 376 900 Qualia
408 856 620 894 succinctis
639 887 649 907 ,
682 855 749 893 ubi
781 861 871 894 trux
903 854 1074 894 insibilat
1106 867 1251 907 eurus,

240 914 438 952 Murmura
471 914 613 964 pinetis
645 914 743 952 fiunt
761 945 772 966 ,
804 919 870 953 aut
902 914 1027 964 qualia
1059 913 1202 953 fluctus

151 978 218 1010 605
240 972 437 1022 Aequorei
470 972 645 1024 faciunt,
678 973 801 1023 siquis
835 972 972 1023 procul
1004 972 1134 1011 audiat
1163 971 1274 1024 illos,

240 1030 331 1069 Tale
365 1036 477 1069 sonat
507 1030 676 1082 populus
696 1061 704 1070 .
744 1030 812 1069 sed
844 1042 915 1081 per
947 1031 1109 1070 confusa
1141 1030 1343 1069 frementis

241 1088 365 1127 Verba
398 1095 526 1128 tamen
559 1089 663 1140 vulgi
694 1101 766 1127 vox
798 1090 945 1128 eminet
975 1101 1051 1128 una
1071 1120 1081 1140 ,
1114 1085 1216 1139 ‘quis
1254 1089 1318 1128 ille
1352 1094 1411 1128 est
1425 1087 1460 1128 P>

240 1146 290 1186 Et
321 1153 500 1198 spectant
531 1148 681 1186 frontes
700 1179 711 1199 ,
743 1147 1019 1198 praedictaque
1058 1159 1204 1186 cornua
1244 1153 1460 1198 quaerunt.

240 1205 392 1244 Rursus
419 1205 464 1244 ad
491 1205 561 1244 hos
588 1205 706 1256 Cipus
735 1203 865 1255 ‘quem
893 1206 1053 1256 poscitis
1072 1202 1098 1258 ‚'
1132 1207 1260 1257 inquit
1280 1202 1461 1245 ‘habetis'

150 1271 219 1302 610
239 1263 288 1302 Et
319 1265 435 1314 capiti
466 1263 651 1316 dempta,
682 1263 826 1314 populo
858 1263 1090 1314 prohibente
1109 1295 1120 1315 ‚
1152 1275 1295 1302 corona

239 1321 426 1361 Exhibuit
456 1324 610 1373 gemino
642 1323 860 1373 praesignia
894 1327 1068 1372 tempora
1100 1334 1252 1360 cornu.

240 1380 438 1419 Demisere
472 1381 605 1419 oculos
637 1392 773 1419 omnes
804 1382 1070 1431 gemitumque
1102 1379 1266 1432 dedere,

239 1440 364 1489 Atque
385 1438 479 1477 illud
508 1440 656 1477 meritis
682 1438 830 1477 clarum
852 1460 905 1466 ——
926 1440 1014 1489 quis
1040 1438 1202 1477 credere
1228 1436 1385 1489 possit?
1406 1460 1455 1465 -—

238 1497 352 1536 Inviti
384 1497 514 1536 videre
547 1502 691 1548 caput:
723 1509 795 1535 nec
827 1496 975 1535 honore
1008 1508 1142 1535 carere

153 1563 219 1593 615
241 1555 412 1594 Ulterius
444 1557 578 1608 passi,
611 1556 749 1594 sestam
781 1557 1005 1606 imposuere
1038 1566 1247 1593 coronam.

242 1615 289 1653 At
321 1626 506 1666 proceres
526 1646 536 1666 ,
569 1615 753 1664 quoniam
784 1625 918 1652 muros
950 1615 1096 1652 intrare
1129 1614 1295 1665 vetaris?

241 1673 358 1711 Ruris
392 1673 570 1711 honorati
602 1678 753 1711 tantum
785 1671 855 1710 tibi
873 1703 884 1723 ‚
917 1671 1010 1722 Cipe
1028 1703 1039 1724 ‚
1072 1671 1239 1723 dedere,

245 1732 442 1777 Quantum
474 1731 660 1782 depresso
694 1729 880 1769 subiectis
913 1729 1037 1768 bobus
1070 1736 1198 1768 aratro

244 1789 459 1840 Complecti
492 1802 627 1841 posses
660 1788 706 1828 ad
737 1789 855 1828 finem
886 1789 983 1827 lucis
1016 1788 1062 1826 ab
1095 1793 1206 1826 ortu.

154 1855 222 1887 620
244 1848 477 1899 Cornuaque
510 1849 650 1886 aeratis
683 1849 820 1886 miram
852 1847 1062 1886 referentia
1093 1846 1257 1884 formam

242 1906 425 1946 Postibus
457 1906 712 1958 insculpunt,
744 1905 902 1956 longum
934 1917 1115 1943 mansura
1147 1916 1217 1955 per
1249 1916 1406 1943 aevum.

301 1965 462 2004 Pandite
484 1977 588 2004 nunc
600 1996 611 2016 ‚
630 1964 762 2002 Musae
783 1996 793 2015 ,
819 1965 1037 2015 praesentia
1059 1964 1218 2002 numina
1238 1967 1390 2014 vatum,
1408 1984 1453 1989 —-

245 2026 361 2063 Scitis
393 2025 526 2075 enim,
558 2035 631 2061 nec
662 2034 729 2060 vos
762 2022 855 2061 fallit
887 2023 1054 2073 spatiosa
1085 2026 1258 2059 vetustas
1290 2041 1344 2047 —

245 2082 354 2122 Unde
388 2081 609 2120 Coroniden
642 2081 870 2120 circumflua
900 2079 1108 2130 Thybridis
1140 2078 1246 2117 alveo

156 2149 222 2179 625
244 2140 374 2180 Insula
405 2140 615 2179 Romuleae
648 2141 769 2178 sacris
801 2140 983 2177 acciverit
1014 2137 1145 2176 urbis.

244 2199 334 2238 Dira
367 2199 450 2238 lues
483 2198 677 2249 quondam
709 2197 837 2236 Latias
870 2198 1069 2235 vitiaverat
1101 2207 1239 2246 auras,

245 2257 467 2308 Pallidaque
500 2257 686 2307 exsangui
718 2254 947 2306 squalebant
978 2266 1142 2305 corpora
1174 2252 1284 2292 tabo.

246 2315 466 2354 Funeribus
499 2315 591 2353 fessi
623 2319 829 2365 postquam
861 2311 1036 2352 mortalia
1068 2316 1236 2350 cernunt

246 2373 541 2424 Temptamenta
573 2372 668 2411 nihil
687 2403 697 2423 ‚
730 2371 825 2410 nihil
857 2377 960 2410 artes
991 2382 1106 2421 posse
1140 2369 1363 2409 medentum
