1554 2563
143 83 225 126 192
416 99 508 121 1rms
693 85 907 120 METAMM
921 111 929 120 .

259 195 413 234 Tollere
447 201 668 235 conantur:
700 207 844 247 saepe,
876 201 920 234 ut
951 195 1155 234 medeatur
1188 198 1332 248 amori,

258 254 537 306 Praecipiunt,
569 254 789 305 surdaeque
822 253 1007 293 adhibent
1038 254 1177 293 solacia
1210 256 1353 295 menti.

169 318 237 351 655
258 312 363 352 Muta
396 315 524 366 iacet,
556 313 778 364 viridesque
811 315 892 351 suis
925 318 1033 352 tenet
1065 312 1262 364 unguibus
1295 312 1438 352 herbas

256 371 416 424 Byblis,
448 377 488 410 et
518 377 690 410 umectat
721 372 968 410 lacrimarum
1000 372 1174 422 gramina
1206 373 1312 410 rivo.

256 430 396 468 Naidas
428 430 489 468 his
521 442 686 482 venam,
719 442 817 481 quae
857 442 1070 480 numquam
1108 442 1288 469 arescere
1325 438 1481 483 posset,

259 488 520 540 Subposuisse
554 489 686 527 ferunt
706 519 714 527 .
754 489 844 540 quid
868 490 971 527 enim
997 489 1088 527 dare
1110 490 1234 527 matus
1253 487 1481 528 habebant?

257 547 441 586 Protinus
461 579 471 599 ‚
503 553 546 586 ut
577 554 684 586 secto
716 549 848 598 piceae
882 547 929 586 de
965 548 1111 586 cortice
1145 552 1302 601 guttae,

170 613 237 645 660
257 605 354 645 Utve
387 615 500 646 tenax
533 606 687 656 gravida
721 611 850 645 manat
881 605 1022 645 tellure
1055 605 1257 659 bitumen3

258 664 354 703 Utve
388 664 461 703 sub
494 665 661 704 adventu
694 666 879 716 spirantis
911 665 996 703 lene
1031 665 1158 703 favoni

259 723 348 762 Sole
380 723 618 763 remollescit
649 736 746 774 quae
780 724 924 774 frigore
958 724 1134 762 constitit
1167 723 1293 776 unda3

259 781 323 821 Sic
355 782 524 821 lacrimis
557 788 788 833 consumpta
819 783 900 821 suis
932 781 1127 820 Phoebeia
1158 781 1288 833 Byblis
1330 790 1357 816 1-
1377 790 1478 817 cxliii-

257 840 433 880 Vertitur
465 843 504 879 in
537 842 684 880 sontem
703 873 714 893 ‚
747 842 813 892 qui
846 852 950 879 nunc
983 852 1138 892 quoque
1172 840 1334 880 vallibus
1365 840 1442 880 illis

170 906 236 937 655
257 899 407 939 Nomen
439 899 557 939 habet
587 900 766 938 dominae
785 931 796 952 ,
827 901 1016 951 nigraque
1049 898 1122 938 sub
1154 899 1241 938 ilice
1274 906 1425 939 manat.

317 958 432 997 Fama
464 960 553 997 novi
586 964 743 998 centum
777 958 936 997 Creteas
967 958 1130 997 forsitan
1164 957 1282 997 urbes

257 1017 463 1068 Implesset
494 1018 689 1069 monstri,
721 1018 754 1056 si
786 1029 864 1055 non
897 1016 1082 1055 miracula
1115 1029 1241 1068 nuper

258 1075 393 1126 Iphide
426 1082 573 1115 mutata
606 1075 720 1114 Crete
752 1077 935 1127 propiora
969 1075 1145 1114 tulisset.

257 1133 437 1173 Proxima
471 1134 661 1173 Gnosiaco
694 1146 783 1173 nam
816 1134 1009 1185 quondam
1041 1134 1222 1173 Phaestia
1253 1146 1374 1186 regno

171 1200 239 1231 670
259 1192 473 1244 Progenuit
505 1193 619 1232 tellus
652 1194 784 1244 ignoto
817 1194 973 1231 nomine
1006 1192 1194 1245 Ligdum,

260 1252 431 1302 Ingenua
464 1252 511 1291 de
543 1251 656 1303 plebe
688 1252 844 1290 virum.
883 1263 955 1290 nec
988 1263 1130 1290 census
1162 1253 1200 1290 in
1233 1251 1298 1289 illo

258 1309 468 1349 Nobilitate
500 1323 570 1349 sua
602 1311 753 1362 maior,
786 1309 853 1349 sed
885 1311 962 1348 vita
993 1310 1168 1360 fidesque

258 1368 457 1420 Inculpata
489 1369 589 1407 suit.
628 1369 807 1419 gravidae
840 1369 907 1419 qui
939 1370 1115 1419 coniugis
1148 1380 1262 1407 aures

259 1427 427 1467 Vocibus
458 1427 520 1466 his
552 1428 733 1479 monuit,
764 1439 854 1465 cum
885 1428 961 1466 iam
992 1439 1115 1478 prope
1147 1434 1282 1478 partus
1304 1427 1480 1467 adesset:

170 1493 236 1524 675
258 1483 381 1532 ‘Quae
413 1498 570 1525 voveam
589 1517 600 1539 ‚
632 1485 709 1524 duo
730 1491 822 1524 sunt
841 1498 850 1525 τ
881 1486 1041 1524 minimo
1069 1491 1112 1524 ut
1131 1485 1303 1525 relevere
1324 1485 1480 1539 labore,

258 1545 385 1595 thue
418 1557 565 1583 marem
597 1546 724 1596 parias
745 1575 754 1584 .
792 1545 996 1583 onerosior
1028 1544 1148 1583 altera
1180 1556 1265 1583 sors
1297 1551 1380 1598 est,

258 1603 308 1642 Et
340 1605 441 1642 vires
474 1604 628 1642 fortuna
661 1608 804 1654 negat.
842 1602 946 1654 quod
978 1602 1209 1655 abominor,
1241 1615 1334 1654 ergo

258 1662 371 1701 Edita
403 1663 505 1701 forte
537 1669 605 1701 tuo
638 1662 758 1701 fuerit
788 1662 821 1700 si
852 1662 996 1700 femina
1026 1667 1141 1713 partu
1160 1693 1171 1714 ,
1203 1683 1258 1690 -

259 1721 406 1760 Invitus
439 1720 609 1773 mand03
640 1721 766 1772 pietas
784 1751 796 1772 ‚
827 1719 1016 1771 ignosce!
1048 1741 1103 1748 —
1137 1726 1300 1759 necetur
1315 1715 1340 1759 .’

170 1786 237 1818 680
258 1779 444 1818 Dixerat:
475 1785 515 1818 et
546 1779 716 1818 lacrimis
747 1778 897 1817 vultum
928 1779 1056 1818 lavere
1087 1779 1260 1830 profusis

258 1837 353 1876 Tam
386 1839 453 1888 qui
485 1837 719 1890 mandabat,
752 1849 867 1888 quam
900 1839 963 1876 cui
995 1837 1174 1876 mandata
1206 1837 1421 1877 dabantur.

259 1896 335 1935 Sed
367 1902 497 1935 tamen
529 1909 655 1946 usque
688 1908 803 1935 suum
835 1897 942 1934 vanis
973 1895 1183 1935 Telethusa
1215 1898 1398 1936 maritum

259 1954 450 1994 Sollicitat
479 1955 664 2006 precibus
683 1986 694 2006 ‚
726 1966 774 1993 ne
807 1966 914 2005 spem
949 1953 1022 1993 sibi
1053 1959 1171 2005 ponat
1202 1955 1242 1993 in
1274 1960 1382 1994 arto.

260 2013 374 2052 Certa
407 2025 476 2052 sua
509 2019 570 2052 est
601 2012 720 2064 Ligdo
754 2014 974 2052 sententia.
1013 2014 1167 2063 iamque
1200 2013 1361 2051 serendo

170 2079 236 2110 585
261 2070 329 2110 Vix
362 2077 446 2111 erat
475 2071 539 2110 illa
570 2083 726 2123 gravem
759 2077 911 2110 maturo
943 2071 1117 2122 pondere
1149 2077 1349 2125 ventrem,

258 2129 356 2170 Cum
388 2130 516 2169 medio
549 2131 676 2169 noetis
709 2131 834 2182 spatio
867 2128 940 2169 sub
972 2131 1138 2180 imagine
1171 2131 1296 2169 somni

256 2188 410 2227 Inachis
441 2194 529 2228 ante
556 2195 686 2228 torum
705 2220 716 2241 ,
747 2201 888 2240 pompa
921 2189 1102 2226 comitata
1133 2199 1320 2241 suorum,

256 2246 335 2286 Aut
365 2248 474 2286 stetit
505 2252 571 2286 aut
603 2249 683 2286 visa
716 2254 803 2286 est.
842 2249 997 2285 inerant
1027 2246 1178 2285 lunaria
1210 2247 1332 2286 fronti

257 2303 412 2344 Cornua
445 2317 532 2344 cum
566 2308 683 2356 spicis
715 2305 837 2344 nitido
869 2303 1101 2343 flaventibus
1133 2316 1228 2344 auro
