1554 2563
129 116 213 159 134
391 129 509 151 nemu
676 115 891 152 METAMM
905 143 913 151 .

157 234 225 266 265
247 227 481 278 Seminaque
507 225 703 277 floresque
736 233 776 266 et
807 238 922 266 sucos
954 228 1130 278 incoquit
1161 239 1295 267 acres.

244 286 373 325 Adicit
402 291 578 324 extremo
610 284 757 337 lapides
789 287 940 325 oriente
972 286 1115 337 petitos

245 344 294 383 Et
325 356 421 395 quas
453 343 598 383 Oceani
631 343 798 383 refluum
830 356 937 383 mare
969 344 1060 384 lavit
1077 376 1088 397 ,
1121 344 1309 397 harenas,

244 403 361 442 Addit
392 408 431 441 et
462 409 646 454 exceptas
677 403 767 442 luna
799 409 986 454 pernocte
1019 405 1180 454 pruinas

244 461 295 501 Et
326 463 459 512 strigis
490 462 654 501 infames
685 463 780 513 ipsis
813 473 901 500 cum
934 462 1118 501 carnibus
1150 462 1252 516 alas,

157 529 225 560 270
245 520 368 572 Inque
400 522 529 560 virum
559 520 664 560 soliti
696 520 826 560 vultus
857 527 1009 560 mutare
1041 521 1189 560 ferinos

244 579 426 630 Ambigui
457 584 640 631 prosecta
669 579 782 631 lupi;
814 591 886 618 nec
918 579 1043 618 defuit
1073 579 1153 618 illic

247 637 440 690 Squamea
476 637 655 690 Cinyphii
686 639 817 677 tenuis
849 638 1075 678 membrana
1109 637 1282 690 chelydri

245 696 474 748 vivacisque
506 698 617 736 iecur
649 698 787 749 cervi,
819 696 962 748 quibus
993 699 1156 749 insuper
1189 697 1295 736 addit

247 755 324 795 Ora
356 750 550 808 caputque
584 767 723 795 novem
755 757 924 795 cornicis
955 756 1107 795 saecula
1140 768 1300 808 passae.

158 823 226 854 275
246 814 316 854 His
348 820 387 854 et
419 814 522 853 mille
555 814 639 853 aliis
671 819 878 866 postquam
910 815 993 854 sine
1026 817 1182 854 nomine
1214 814 1334 854 rebus

245 874 497 925 Propositum
529 875 716 912 instruxit
746 875 937 913 remorari
969 873 1131 913 Tartara
1163 885 1330 926 munus,

246 934 384 972 Arenti
415 944 523 971 ramo
556 932 787 984 iampridem
819 933 924 971 mitis
955 932 1076 972 olivae

247 990 386 1030 Omnia
417 991 595 1031 confudit
626 992 867 1043 summisque
900 993 1099 1031 inmiscuit
1129 993 1227 1031 ima.

246 1049 348 1089 Ecce
380 1056 492 1089 vetus
525 1049 649 1089 calido
682 1056 859 1089 versatus
891 1052 1013 1102 stipes
1044 1054 1143 1092 aeno,

158 1117 226 1149 280
245 1108 308 1148 Fit
340 1108 474 1149 viridis
504 1110 632 1160 primo
651 1140 662 1161 ,
694 1121 766 1148 nec
797 1109 912 1160 longo
945 1116 1122 1161 tempore
1154 1108 1313 1148 frondes

246 1167 407 1220 Induit,
439 1173 479 1207 et
510 1167 640 1207 subito
671 1168 840 1218 gravidis
871 1173 1059 1207 oneratur
1090 1168 1223 1208 olivis.

246 1226 296 1266 At
327 1238 574 1277 quacumque
607 1238 699 1265 cavo
732 1238 889 1278 spumas
920 1228 1038 1266 eiecit
1068 1231 1165 1266 aeno

245 1283 380 1337 Ignis,
413 1291 452 1324 et
482 1286 521 1324 in
555 1291 699 1324 terram
731 1290 863 1336 guttae
895 1285 1073 1325 cecidere
1106 1285 1302 1338 calentes,

245 1342 392 1383 Vernat
421 1344 564 1383 humus
582 1375 593 1397 ,
624 1344 821 1395 floresque
853 1349 893 1383 et
923 1344 1053 1383 mollia
1083 1343 1224 1396 pabula
1255 1349 1444 1396 surgunt.

159 1409 225 1442 285
248 1403 355 1448 Quae
388 1402 504 1442 simul
536 1414 580 1441 ac
611 1402 736 1454 vidit,
767 1403 904 1442 stricto
936 1402 1071 1442 Medea
1103 1402 1273 1442 recludit

245 1461 350 1500 Ense
382 1463 488 1501 senis
520 1460 726 1514 iugulum,
757 1467 1008 1512 veteremque
1041 1462 1148 1501 exire
1180 1473 1365 1501 cruorem

246 1519 364 1559 Passa
382 1552 394 1573 ,
426 1519 552 1571 replet
583 1521 689 1559 sucis
709 1551 718 1559 .
757 1532 854 1571 quos
885 1526 1093 1572 postquam
1126 1519 1301 1559 conbibit
1319 1521 1447 1560 Aeson

245 1579 323 1617 Aut
354 1591 423 1618 ore
455 1585 638 1630 acceptos
670 1584 736 1617 aut
767 1579 928 1618 vulnere
946 1611 958 1632 ,
989 1578 1107 1618 barba
1139 1591 1351 1631 comaeque

246 1636 395 1677 Canitie
426 1639 552 1689 posita
584 1639 739 1689 nigrum
772 1649 937 1689 rapuere
969 1638 1163 1677 colorem.
1324 1646 1469 1673 nxovn.

158 1704 226 1736 290
246 1696 362 1735 Pulsa
395 1697 495 1747 fugit
526 1697 670 1735 macies
688 1727 700 1748 ,
731 1696 877 1735 abeunt
908 1696 1110 1748 pallorque
1142 1698 1341 1750 situsque,

245 1755 486 1806 Adiectoque
519 1767 632 1794 cavae
665 1755 899 1806 supplentur
930 1767 1096 1806 corpore
1127 1768 1271 1809 rugae,

245 1813 498 1865 Membraque
529 1814 756 1853 luxuriant.
793 1814 922 1853 Aeson
953 1816 1119 1853 miratur
1149 1820 1190 1853 et
1220 1814 1312 1853 olim

245 1871 345 1911 Ante
378 1878 516 1923 quater
548 1872 671 1911 denos
703 1872 806 1911 hunc
838 1884 879 1910 se
912 1873 1179 1912 reminiscitur
1210 1884 1352 1912 annos.

304 1929 461 1970 Viderat
492 1943 539 1969 ex
572 1931 648 1970 alto
681 1932 777 1970 tanti
810 1930 993 1971 miracula
1026 1932 1192 1971 monstri
1312 1940 1339 1966 f.
1359 1938 1466 1966 xcviii·

156 1997 224 2028 295
246 1989 390 2028 Liber.
429 1995 469 2029 et
500 1989 722 2028 admonitus
753 1991 913 2028 iuvenes
945 1989 1168 2029 nutricibus
1199 2001 1322 2029 annos

244 2048 366 2088 Posse
398 2049 480 2087 suis
513 2048 653 2099 reddi,
684 2049 787 2100 capit
817 2048 891 2087 hoc
923 2060 943 2087 a
975 2047 1159 2087 Colchide
1191 2060 1356 2088 munus.

303 2106 409 2145 Neve
441 2106 519 2145 doli
551 2112 737 2159 cessent,
768 2106 901 2145 odium
933 2119 1022 2146 cum
1055 2109 1221 2158 coniuge
1254 2107 1392 2146 salsum

244 2165 405 2204 Phasias
437 2165 666 2216 assimulat,
696 2165 906 2216 Peliaeque
937 2165 984 2204 ad
1017 2165 1150 2204 lImina
1181 2165 1345 2217 supplex

246 2223 452 2274 Confugit.
473 2230 589 2274 atque
609 2224 737 2276 illam,
757 2226 940 2275 quoniam
959 2225 1087 2275 gravis
1106 2226 1190 2275 ipse
1211 2229 1370 2264 senecta
1390 2228 1470 2276 est,

158 2290 226 2321 300
245 2280 457 2333 Excipiunt
487 2289 599 2322 natae
620 2313 629 2322 .
671 2294 766 2334 quas
799 2289 974 2334 tempore
1007 2281 1142 2322 callida
1173 2294 1293 2334 parvo

245 2339 400 2380 Colchis
431 2342 621 2380 amicitiae
654 2340 853 2380 mendacis
884 2342 1052 2393 imagine
1085 2342 1212 2395 cepit,
