1554 2563
1323 97 1371 132 xl

36 219 112 249 XIV
136 212 187 250 98
224 212 320 261 100,
352 211 506 249 abstulit
531 222 643 250 usum
673 209 951 249 Verborum—
959 220 1074 257 posse
1093 209 1201 256 queri
1225 210 1373 246 tantum

34 270 270 317 —reliquit;
296 278 311 307 1
328 270 408 308 655
436 270 626 308 retices—
640 272 786 307 tantum
804 269 976 316 suspiria
995 268 1123 313 ducis,·
1149 275 1197 305 IV
1214 267 1297 305 264
1324 274 1372 304 IX

34 329 116 366 265
150 336 199 366 XI
221 328 316 366 280.
365 327 597 376 compendia
626 327 836 376 utriusque
866 326 974 365 vocis
1005 326 1148 365 leviter
1174 325 1373 364 differunt.

149 383 236 424 474
280 395 342 424 AD
383 394 583 425 SPECIEM
627 393 802 424 REDnT.
864 386 915 423 ad
954 386 1092 432 faciem
1136 383 1374 431 (fatiem-E)

33 446 143 496 libri,
181 445 286 494 quod.
323 456 413 483 cum
442 456 658 494 numquam
688 444 981 493 intellegerem,
1019 443 1113 482 olim
1144 442 1259 491 posui
1290 442 1375 480 zati·-

33 516 122 553 cem,
154 505 199 541 ut
230 505 292 541 est
323 505 407 541 499
440 504 644 551 spectantis
673 504 716 540 in
745 503 903 545 undam,
935 510 983 540 Iv
1005 503 1107 540 353:
1139 512 1243 539 nunc
1274 508 1374 539 SPE-

35 570 160 612 CIEM,
200 575 244 599 eo
284 574 422 611 sensu,
464 574 540 610 quo
574 563 684 599 extat
714 570 763 599 IX
783 562 867 599 473
902 569 952 598 XI
974 562 1054 599 677
1088 568 1152 598 XV
1175 561 1255 598 199
1291 559 1372 597 252

35 622 132 659 420.
253 617 335 658 641
371 628 534 666 moun*
568 627 823 658 OPHELTES.
871 620 966 657 olim
996 620 1120 666 inquit
1144 617 1282 656 Acoete
1312 617 1376 655 de-

35 679 187 729 deram,
232 679 336 728 quod
379 679 452 717 sub
493 690 634 716 rasura
670 679 710 715 M
747 679 874 716 latere
910 678 1051 716 visum.
1102 678 1164 715 est
1199 676 1241 714 id
1279 676 1376 714 satis

34 739 120 776 veri
160 738 306 787 simile3
350 738 420 775 sed
456 738 590 775 tamen
626 738 765 786 ofeltes,
802 736 907 786 quod
937 747 1041 774 nunc
1071 736 1210 785 habet,
1254 736 1316 773 est
1355 746 1378 771 a

35 808 154 834 manu
185 797 326 845 prima,
357 808 402 833 ac
432 796 658 845 putaverim
688 792 730 833 in
761 796 977 844 archetypo
1001 795 1222 844 antiquitus
1253 793 1377 831 fuisse

37 867 159 905 supra
200 855 399 903 adscripto
444 858 566 892 acoete
604 856 645 892 et
688 854 841 892 adiecto
880 854 1003 902 aliqui
1039 865 1158 892 versu
1198 852 1376 901 proximo

38 914 183 963 spurio,
216 925 291 963 quo
322 926 393 962 pro
427 913 603 951 subiecto
636 913 835 950 enunciati
860 914 1017 960 quisque
1041 911 1253 960 inducitur,
1285 913 1380 949 tenet

37 972 88 1010 ad
108 972 369 1021 supplendam
389 971 641 1020 aposiopesin
663 972 857 1020 scriptum
880 971 1005 1009 fuisse
1023 970 1198 1009 videtur:
1229 969 1380 1007 habent

39 1033 171 1069 tamen
214 1033 316 1069 timet
357 1030 484 1079 MLE,
529 1032 648 1079 atque
692 1042 739 1068 ea
781 1041 900 1068 causa
941 1029 1036 1078 fuit,
1079 1040 1149 1066 cur
1187 1028 1380 1076 scriptum

39 1093 161 1129 acoete
190 1090 232 1127 in
256 1089 296 1126 M
323 1089 533 1134 deleretur,
565 1089 676 1127 cuius
709 1088 880 1126 scribam
904 1087 1127 1125 intellectui
1152 1087 1380 1136 prospicere

39 1148 173 1187 videas
205 1156 272 1186 VII
295 1148 376 1186 756
411 1156 441 1185 Χ
463 1148 545 1186 653
581 1149 663 1186 697
697 1155 765 1185 XII
788 1148 853 1186 70.
902 1147 1167 1195 interpolator
1191 1148 1288 1183 nutu
1314 1144 1378 1183 ad-

40 1207 158 1257 didit,
197 1207 290 1256 quia
325 1206 539 1256 ignorabat
575 1207 795 1254 significare
833 1205 873 1243 id
903 1205 1036 1254 ipsum
1067 1217 1170 1254 esse,
1207 1205 1308 1241 nutu
1340 1204 1380 1241 et

41 1266 166 1315 signis
198 1265 326 1315 loqui,
357 1266 403 1302 ut
433 1265 557 1303 lexica
589 1265 740 1302 docent.
788 1265 960 1302 ‘maxima
992 1265 1033 1302 et
1062 1264 1192 1312 ipsum
1222 1262 1379 1311 imperi-

41 1326 123 1362 tam
155 1336 316 1361 manum
348 1323 492 1372 prodit,
522 1334 594 1361 nec
624 1324 717 1372 post
743 1318 907 1361 ‘laevam
929 1317 1030 1370 pete'
1052 1322 1227 1360 omnium
1250 1321 1379 1359 locum

41 1383 173 1421 habet.
294 1378 380 1420 675
412 1389 696 1428 SANNAMQUE:
729 1388 863 1420 cums
895 1389 1087 1419 DURATA
1118 1387 1379 1418 TRAHEBAT.

42 1442 108 1479 ΑΤ
147 1448 280 1479 LIBYS
319 1448 588 1479 ABSTENTOS
609 1462 678 1478 —.
739 1452 838 1490 quae
877 1452 901 1477 a
943 1453 978 1478 v.
1007 1440 1088 1478 672
1129 1438 1380 1487 antecedunt,

42 1500 137 1538 olim
168 1512 191 1538 a
221 1512 284 1537 me
316 1499 536 1549 emendata,
567 1500 688 1548 vulgo
720 1500 880 1548 recepta
908 1499 1012 1537 sunt.
1062 1509 1310 1535 correxeram
1336 1509 1382 1534 ex

43 1562 75 1597 el
100 1569 235 1606 presso
265 1557 340 1595 ML
373 1569 559 1607 expresso,
591 1557 696 1606 quod
726 1557 809 1595 fere
841 1557 937 1594 dicit
967 1556 1121 1594 Plinius
1154 1564 1203 1594 IX
1225 1556 1307 1593 102
1340 1556 1382 1593 in

43 1618 198 1656 dorsum
230 1616 388 1655 elatum:
418 1616 744 1665 interpunxeram
775 1616 868 1664 post
896 1616 996 1661 flecti
1027 1616 1069 1652 et
1097 1615 1207 1652 iunxi
1238 1614 1381 1661 Incipit

43 1677 140 1726 huic,
172 1675 351 1725 quamvis
391 1676 579 1724 sequente
610 1676 726 1720 dixit;
766 1686 936 1723 namque
973 1673 1031 1711 ita
1061 1681 1110 1711 IV
1132 1674 1216 1711 790
1248 1673 1383 1720 exeipit

42 1745 413 1782 unus—quaerens,
441 1742 508 1771 VII
531 1734 611 1772 681
634 1733 1071 1781 Excipit—et—dixit.
1112 1731 1290 1781 sequitur
1309 1731 1382 1780 igi-

44 1795 111 1830 tur
148 1793 189 1830 in
226 1792 338 1830 libris
376 1793 558 1830 omnibus
596 1802 869 1839 squamamque
906 1793 1002 1830 mitis
1039 1791 1228 1834 trahebat,
1265 1789 1381 1827 nimis

45 1852 262 1890 'absurdum
293 1851 398 1900 apud
428 1851 681 1889 Halieuticon
711 1852 880 1899 poetam.
942 1850 1134 1897 delphines
1165 1850 1383 1896 integuntur

46 1912 146 1950 corio
177 1912 326 1948 tantum
356 1909 457 1947 Plin.
488 1909 537 1947 N.
566 1910 603 1947 h.
638 1917 686 1947 IX
706 1910 773 1947 40.
822 1908 1026 1958 putaveris
1066 1908 1217 1946 scribae
1254 1908 1382 1945 locum

47 1968 221 2007 obfuisse
253 1976 301 2006 IV
322 1968 404 2006 577
438 1968 688 2015 Durataeque
719 1969 795 2005 culi
825 1978 1007 2014 squamas
1037 1967 1252 2004 inerescere.
1303 1965 1383 2013 sed,

45 2028 160 2077 puto,
197 2027 366 2064 maxime
402 2027 538 2065 nocuit
573 2019 756 2065 vocabuli
792 2024 1062 2064 insolentioris
1106 2024 1305 2073 ignoratio
1344 2028 1384 2061 et

47 2085 152 2135 quod
188 2097 390 2133 squamam
426 2086 575 2123 trahere
615 2085 765 2122 dictum
795 2084 999 2122 videretur
1031 2084 1076 2120 ut
1108 2091 1137 2120 V
1158 2084 1240 2121 205
1273 2085 1384 2122 nalu-

46 2156 133 2183 ram
164 2144 329 2187 trahere,
373 2152 439 2182 VII
462 2145 542 2182 289
577 2144 737 2181 colorem
774 2153 927 2190 rapere,
971 2150 1057 2179 VIII
1079 2142 1164 2180 760
1193 2142 1385 2190 pallorem

47 2204 192 2246 ducere,
223 2214 350 2251 neque
376 2202 485 2241 aliud
510 2201 726 2252 significari
751 2213 869 2251 quam
900 2208 981 2239 XIV
1004 2201 1084 2238 282
1116 2199 1238 2248 Osque
1261 2211 1385 2238 meum

47 2263 147 2300 sensi
182 2261 316 2309 pando
358 2261 595 2300 occallescere
636 2262 782 2299 rostro:
824 2271 913 2298 cum
957 2258 1208 2297 artificiosius
1242 2258 1385 2307 duplex

47 2319 256 2371 indicetur,
287 2320 328 2357 et
351 2320 531 2358 indurari
555 2318 706 2358 corium
731 2320 771 2356 et
795 2318 881 2367 ipso
908 2330 952 2356 eo
973 2317 1106 2367 rigore
1128 2317 1280 2356 servari
1300 2329 1385 2355 san·
