1554 2563
116 153 199 194 194
383 164 477 188 mus
664 151 877 187 METAMM
892 178 900 186 .

231 260 407 314 ‘Cognita
441 275 556 314 quam
589 262 714 315 nulli,
746 274 861 313 quam
893 261 1114 314 prodigiosa
1146 274 1345 314 novaeque

141 329 209 361 728
232 321 332 361 Cura
364 327 473 361 tenet
504 321 667 360 Veneris
687 319 708 361 ἱ)
740 323 772 360 si
804 321 841 360 di
875 320 970 360 mihi
1001 333 1163 373 parcere
1197 322 1363 374 vellent,

142 389 210 420 730
229 380 414 419 Naturale
446 380 590 419 malum
622 379 761 419 saltem
793 386 832 419 et
863 380 910 419 de
942 392 1051 419 more
1083 379 1305 420 dedissent.

229 438 310 478 Nec
341 450 495 478 vaccam
527 451 664 478 vaccae
683 470 695 492 ,
726 451 799 477 nec
831 450 950 489 equas
983 450 1091 477 amor
1128 440 1208 478 urit
1238 450 1452 490 equarum:

229 497 317 537 Urit
348 510 439 536 oves
472 499 572 537 aries
591 529 602 549 ‚
633 499 812 549 sequitur
845 509 913 536 sua
945 497 1088 537 femina
1121 509 1303 538 cervum.

232 556 297 595 Sic
329 562 368 596 et
399 568 487 596 aves
520 561 692 609 coeunt,
723 558 906 607 interque
938 555 1115 595 animalia
1142 562 1282 596 cuncta

229 614 388 654 Femina
421 616 589 654 femineo
622 621 801 667 correpta
835 615 1017 666 cupidine
1050 614 1153 654 nulla
1186 621 1263 654 est.

140 681 209 714 735
229 673 376 713 Vellem
407 674 511 713 nulla
543 674 667 713 forem
688 705 697 713 .
735 685 784 712 ne
816 686 895 712 non
926 679 1056 713 tamen
1088 675 1216 713 omnia
1249 673 1363 713 Crete

228 732 402 772 Monstra
434 733 533 771 serat
551 764 562 785 ,
594 739 750 771 taurum
784 732 919 771 dilexit
950 732 1026 771 fi-lia
1062 732 1187 772 Solis:

228 791 386 830 Femina
420 803 559 842 nempe
591 803 767 831 marem.
806 803 917 830 meus
950 797 1010 830 est
1040 791 1226 830 furiosior
1257 790 1346 842 illc,

230 850 270 889 Si
301 862 438 889 verum
469 850 730 903 profitemur,
762 862 870 889 amor
890 881 898 888 .
937 855 1066 889 tamen
1098 849 1161 888 illa
1194 856 1326 889 secuta
1362 855 1421 888 est

229 908 345 960 Spem
378 908 570 961 Veneris;
602 914 731 948 tamen
762 908 825 947 illa
857 907 955 947 dolis
988 913 1026 947 et
1056 909 1223 960 imagine
1255 919 1393 947 vaccae

116 975 208 1021 ,740
227 967 345 1007 Passa
377 967 515 1007 hovem
548 973 636 1021 est,
669 973 707 1006 et
739 973 850 1020 erat,
896 968 961 1018 qui
995 967 1244 1019 deciperetur
1276 966 1451 1007 adulter..

227 1026 313 1066 Huc
345 1026 436 1066 licet
468 1039 514 1066 ex
547 1032 628 1065 toto
661 1025 833 1065 sollertia
865 1025 1036 1065 confluat
1068 1025 1187 1079 orbe,

227 1085 315 1136 Ipse
347 1085 440 1124 licet
470 1085 618 1124 revolet
650 1086 792 1124 ceratis
824 1083 1014 1124 Daedalus
1047 1084 1140 1137 alis,

229 1143 329 1189 Quid
362 1144 478 1183 faciet
497 1143 518 1182 *Ρ
550 1156 644 1182 num
676 1156 737 1183 me
768 1155 936 1195 puerum
969 1144 1016 1182 de
1048 1145 1197 1195 virgine
1230 1143 1355 1184 doctis

227 1201 389 1241 Artibus
421 1203 565 1241 efficiet
584 1200 606 1240 ?
637 1214 731 1241 num
763 1207 802 1241 te
834 1201 1028 1254 mutabit,
1060 1200 1230 1242 lant-he?

139 1268 207 1300 ‘145
229 1260 333 1306 Quin
365 1263 536 1300 animum
569 1261 727 1314 sirmas,
762 1266 879 1311 teque
911 1262 993 1312 ipsa
1026 1260 1251 1314 recolligis,
1284 1261 1391 1313 Iphi,

228 1319 467 1371 Consiliique
499 1321 636 1371 inopes
669 1324 707 1358 et
739 1318 879 1358 stultos
912 1320 1062 1359 excutis
1094 1317 1239 1371 ignes?

228 1378 328 1424 Quid
362 1379 414 1417 sis
447 1383 534 1416 nata
553 1410 564 1430 ,
595 1377 681 1416 vide
700 1409 711 1431 ,
743 1379 817 1416 nisi
855 1382 893 1417 te
934 1389 1091 1429 quoque
1123 1378 1271 1430 decipis
1302 1380 1450 1431 ipsam,

225 1436 275 1475 Et
305 1442 395 1488 pete
429 1436 531 1488 quod
566 1437 621 1475 fas
655 1442 743 1489 est,
775 1442 814 1475 et
845 1447 929 1475 ama
962 1437 1065 1488 quod
1098 1437 1241 1476 femina
1273 1437 1419 1477 debes.

227 1494 325 1546 Spes
346 1501 407 1534 est
423 1527 434 1548 ,
461 1507 559 1546 quae
580 1496 707 1546 capiat
723 1526 735 1548 ‚
760 1507 850 1546 spes
870 1500 930 1534 est
947 1526 958 1548 ‚
985 1507 1083 1546 quae
1102 1502 1236 1547 pascat
1256 1508 1447 1536 amorem.

137 1562 207 1594 750
226 1553 335 1593 Hanc
366 1553 437 1593 tibi
468 1566 533 1593 res
564 1553 726 1593 adimit.
764 1565 842 1592 non
875 1559 913 1592 te
939 1554 1116 1593 custodia
1148 1566 1237 1594 caro

224 1612 343 1652 Arcet
375 1612 422 1651 ab
454 1612 633 1664 amplexu
652 1643 664 1665 ‚
695 1624 768 1651 nec
801 1613 904 1651 cauti
936 1624 1030 1652 cura
1062 1614 1215 1666 mariti,

224 1670 311 1710 Non
343 1672 465 1722 patris
498 1672 688 1722 asperitas
707 1702 718 1723 ‚
750 1682 827 1709 non
861 1683 902 1710 se
934 1677 1050 1722 negat
1080 1673 1163 1723 ipsa
1196 1674 1373 1725 roganti,

224 1729 307 1769 Nec
338 1735 467 1769 tamen
500 1735 561 1768 est
591 1729 778 1781 potiunda
809 1728 909 1769 tibi:
935 1741 1037 1782 nec,
1068 1736 1112 1769 ut
1144 1732 1271 1770 omnia
1303 1731 1419 1784 fiant,

224 1787 322 1827 Esse
355 1793 467 1839 potes
499 1788 621 1840 selix3
653 1793 697 1826 ut
728 1788 844 1839 dique
877 1787 1134 1840 hominesque
1166 1788 1365 1828 laborent.

137 1854 205 1886 ¹755
225 1846 339 1886 Nunc
371 1859 527 1898 quoque
560 1852 740 1886 votorum
771 1845 876 1885 nulla
908 1852 968 1885 est
998 1859 1088 1898 pa-rs
1121 1859 1215 1886 vana
1247 1860 1448 1900 meorum,

228 1905 351 1956 Dique
385 1904 480 1944 mihi
512 1905 645 1944 faciles
664 1936 676 1957 ‚
708 1904 893 1956 quicquid
926 1905 1082 1944 valuere
1101 1937 1112 1959 ,
1144 1906 1361 1959 dederunt3

226 1963 418 2015 Quodque
451 1975 522 2015 ego
540 1995 553 2016 ‚
584 1962 665 2002 vult
696 1964 850 2014 genitor
868 1994 881 2016 ‚
912 1963 993 2002 vult
1023 1965 1107 2015 ipsa
1125 1995 1137 2016 ,
1168 1976 1358 2016 socerque

1267 2024 1445 2063 futurus.

226 2081 275 2120 At
305 2092 383 2120 non
415 2081 498 2121 vult
528 2086 666 2121 natura
685 2112 696 2133 ‚
726 2081 924 2133 potentior
957 2080 1137 2121 omnibus
1169 2083 1278 2135 istis,

228 2139 335 2185 Quae
367 2139 463 2179 mihi
495 2140 575 2179 sola
607 2145 751 2179 nocet.
789 2140 895 2178 venit
932 2151 1024 2179 ecce
1062 2139 1230 2191 optabile
1268 2146 1446 2193 tempus,

138 2204 207 2237 ’160
228 2198 389 2249 Luxque
421 2198 560 2249 iugalis
592 2198 731 2251 adest,
762 2203 802 2237 et
831 2199 908 2237 iam
939 2209 1025 2236 mea
1056 2198 1123 2238 fiet
1154 2198 1288 2239 Ianthe

227 2256 307 2295 Nec
339 2256 434 2295 mihi
467 2258 696 2308 continget:
726 2256 866 2295 mediis
898 2257 1077 2296 sitiemus
1108 2258 1149 2296 in
1180 2257 1320 2297 undis.

227 2314 407 2353 Pronuba
430 2315 523 2366 quid
543 2315 639 2354 luno
658 2346 669 2367 ,
695 2314 787 2365 quid
814 2314 861 2353 ad
880 2313 976 2354 haec
995 2346 1006 2367 ‚
1031 2314 1252 2366 Hymenaee
1271 2347 1282 2369 ‚
1307 2317 1445 2355 venitis
1515 2349 1516 2353 ,

228 2372 345 2412 Sacra
363 2404 375 2426 ,
401 2372 544 2424 quihus
565 2374 632 2425 qui
653 2373 769 2412 ducat
788 2372 897 2412 abest
915 2404 926 2426 ‚
957 2372 1025 2413 ubi
1057 2373 1242 2414 nubimus
1262 2374 1394 2414 ambae
1409 2371 1446 2413 ?’
