1554 2563
109 117 135 159 8
295 128 467 151 mmmmm
659 112 875 149 METAMM
888 138 900 151 .

224 225 460 264 Dissimilem
491 223 636 275 populo
667 225 862 275 promittit
893 224 1042 274 origine
1074 225 1194 263 mira.

225 284 384 335 Iamque
416 288 501 321 erat
531 284 571 321 in
602 287 704 321 totas
735 294 945 334 sparsurus
977 282 1138 321 fulmina
1170 287 1319 322 terras:

227 342 303 381 Sed
336 343 495 394 timuit,
527 353 575 380 ne
608 341 708 380 forte
741 353 852 379 sacer
878 346 936 380 tot
967 340 1013 379 ab
1044 340 1200 392 ignibus
1226 341 1360 380 aether

138 408 206 441 255
228 400 463 452 Conciperet
487 399 661 438 flammas
679 431 690 452 ‚
722 399 940 450 longusque
973 399 1198 439 ardesceret
1229 401 1333 438 axis.

226 459 323 498 Esse
356 470 512 510 quoque
543 460 584 497 in
616 459 704 497 fatis
736 459 1002 496 reminiscitur
1021 489 1032 510 ‚
1064 457 1196 497 adfore
1229 463 1408 512 tempus,

227 518 312 564 Quo
344 529 451 556 mare
470 548 481 570 ,
513 529 591 568 quo
623 516 739 555 tellus
771 521 1030 567 correptaque
1056 518 1163 567 regia
1195 516 1291 555 caeli

225 576 371 615 Ardeat
401 581 441 615 et
471 575 607 614 mundi
637 575 759 613 moles
791 587 956 626 operosa
987 574 1160 614 laboret.

225 635 320 674 Tela
350 639 599 686 reponuntur
629 633 809 672 manibus
842 633 1028 672 fabricata
1060 632 1295 685 Cyclopum.

138 702 206 734 260
226 694 356 733 Poena
387 693 515 745 placet
545 692 697 732 diversa
715 723 727 745 ‚
758 704 882 743 genus
915 691 1077 730 mortale
1110 691 1184 731 sub
1216 691 1332 731 undis

225 752 398 791 Perdere
425 757 463 791 et
494 764 541 790 ex
573 752 679 790 omni
710 750 863 789 nimbos
895 750 1102 789 demittere
1135 750 1265 790 caelo.

226 811 412 850 Protinus
443 810 587 848 Aeoliis
618 808 850 860 Aquilonem
882 808 1027 848 claudit
1057 811 1098 848 in
1130 810 1254 848 antris

225 869 276 908 Et
307 881 577 920 quaecumque
608 868 744 919 fugant
774 867 954 907 inductas
985 867 1140 906 flamina
1171 867 1321 920 nubes,

226 928 457 978 Emittitque
490 927 662 966 Notum.
701 925 865 965 madidis
890 926 1014 965 Notus
1047 926 1173 965 evolat
1203 925 1296 978 alis,

138 993 206 1026 265
226 985 461 1025 Terribilem
492 987 602 1036 picea
633 990 762 1024 tectus
795 984 957 1036 caligine
988 984 1163 1024 vultum:

227 1044 352 1083 Barba
384 1046 511 1095 gravis
542 1043 684 1082 nimbis
703 1075 714 1096 ‚
745 1045 852 1082 canis
883 1043 971 1082 fluit
1000 1042 1105 1082 unda
1136 1043 1308 1096 capillis,

226 1103 372 1142 Fronte
406 1102 541 1141 sedent
575 1101 738 1140 nebulae
758 1133 769 1154 ,
800 1107 937 1140 rorant
968 1114 1198 1152 pennaeque
1235 1103 1424 1153 sinusque

225 1161 354 1212 thue
381 1173 498 1200 manu
529 1160 605 1199 lata
635 1160 846 1212 pendentia
877 1159 1009 1199 nubila
1039 1162 1207 1213 pressit,

225 1220 288 1259 Fit
319 1220 451 1271 fragor
468 1251 480 1272 ‚
510 1218 652 1258 inclusi
684 1219 904 1258 funduntur
935 1218 981 1257 ab
1014 1218 1172 1258 aethere
1204 1218 1348 1258 nimbi.

138 1285 206 1318 270
226 1278 371 1317 Nuntia
402 1277 562 1316 Iunonis
593 1278 720 1316 varios
752 1277 888 1316 induta
919 1277 1071 1316 colores

227 1336 407 1388 Con-cipit
438 1336 511 1375 Iris
542 1348 661 1386 aquas
679 1367 691 1388 ‚
722 1335 981 1386 alimentaque
1008 1335 1179 1374 nubibus
1211 1336 1360 1376 adfert.

228 1395 469 1434 Sternuntur
501 1400 654 1445 segetes
686 1399 725 1433 et
757 1393 955 1445 deplorata
989 1393 1117 1432 coloni

226 1453 323 1492 Vota
353 1454 482 1492 iace-nt
498 1484 510 1505 ‚
541 1452 725 1504 longique
756 1454 860 1504 perit
889 1451 999 1491 labor
1029 1453 1166 1491 irritus
1199 1454 1312 1492 anni.

227 1511 308 1551 Nec
340 1512 447 1551 caelo
479 1516 663 1550 contenta
694 1523 766 1549 suo
798 1516 859 1550 est
888 1510 989 1549 Iovis
1020 1511 1078 1549 ira
1096 1542 1107 1563 ,
1139 1511 1208 1550 sed
1238 1510 1348 1550 illum

139 1577 206 1609 275
227 1569 441 1609 Caeruleus
472 1570 594 1608 frater
625 1570 730 1608 iuvat
761 1568 1014 1609 auxiliaribus
1045 1569 1184 1608 undis.

228 1628 425 1669 Convocat
455 1628 519 1667 hic
551 1640 685 1667 amnes
705 1659 713 1667 .
752 1629 821 1679 qui
850 1633 1058 1679 postquam
1090 1633 1193 1667 tecta
1222 1630 1377 1680 tyranni

226 1686 425 1726 Intravere
459 1688 550 1739 sui,
583 1683 677 1725 ‘non
708 1691 770 1725 est
798 1686 1018 1725 hortamine
1050 1685 1166 1737 longo

225 1741 355 1784 Nunc'
388 1746 441 1784 ait
472 1742 706 1784 ‘utendum.
744 1746 848 1784 vires
879 1744 1066 1784 effundite
1098 1749 1272 1797 vestras,

228 1803 293 1842 Sic
325 1815 423 1855 opus
456 1808 544 1842 est.
582 1804 730 1854 aperite
763 1803 898 1842 domos
922 1834 933 1855 ,
964 1815 1008 1842 ac
1040 1802 1141 1842 mole
1172 1808 1322 1842 remota

133 1870 201 1901 280
220 1861 465 1900 Fluminibus
496 1863 637 1900 vestris
669 1866 770 1900 totas
800 1862 986 1900 inmittite
1017 1858 1228 1900 habenas.'

226 1920 400 1959 Iusserat
419 1951 427 1958 .
459 1920 500 1959 hi
531 1920 728 1972 redeunt,
760 1931 804 1959 ac
835 1919 1009 1958 fontibus
1041 1931 1109 1958 ora
1142 1919 1340 1973 relaxant,

225 1978 275 2017 Et
306 1978 507 2017 defrenato
540 1978 747 2017 volvuntur
777 1979 819 2017 in
850 1990 1020 2029 aequora
1051 1990 1193 2017 cursu.

225 2036 312 2088 Ipse
348 2036 517 2076 tridente
548 2049 620 2076 suo
652 2042 798 2075 terram
828 2037 1054 2087 percussit.
1094 2042 1133 2075 at
1162 2035 1226 2075 illa

225 2094 434 2134 Intremuit
464 2100 652 2146 motuque
684 2096 764 2134 via-s
794 2095 980 2146 patefecit
1010 2107 1223 2146 aquarum.

139 2159 206 2192 285
226 2152 450 2204 Exspatiata
481 2159 604 2192 ru-unt
634 2165 705 2205 per
736 2158 892 2204 apertos
923 2153 1083 2192 ssumina
1115 2165 1295 2206 campos,

226 2211 402 2262 Cumque
430 2213 523 2250 satis
555 2211 715 2251 arbusta
747 2211 862 2250 simul
892 2211 1144 2263 pecudesque
1175 2214 1359 2263 virosque

225 2268 423 2320 Tectaque
442 2301 453 2322 ,
485 2282 654 2322 cumque
687 2271 769 2309 suis
794 2270 954 2321 rapiunt
983 2269 1198 2321 penetralia
1229 2271 1374 2310 sacris.

226 2327 347 2379 Siqua
379 2327 517 2367 domus
549 2329 692 2368 mansit
721 2330 927 2380 potuitque
958 2330 1144 2368 resistere
1175 2333 1282 2368 tanto
