1554 2563
567 98 654 135 VIII
671 126 679 143 ,
705 102 865 134 57—131
883 125 891 133 .
1036 111 1162 134 scum
1316 98 1397 140 153

105 218 148 249 95
169 209 331 249 Munera
362 211 567 262 porrexit.
606 209 735 249 Minos
766 214 950 261 porrecta
980 209 1150 261 refugit:

172 268 468 320 [Turbatusque
500 269 591 308 novi
621 268 827 321 respondit
856 269 1023 319 imagine
1056 267 1189 318 sacti:]

171 325 232 366 ‘Di
264 332 301 367 te
334 332 634 380 summoveant,
666 339 688 366 ο
720 328 847 366 nostri
878 327 1036 366 infamia
1068 326 1208 380 saecli,

171 385 275 425 Orbe
308 398 410 439 suo3
442 386 637 437 tellusque
670 385 742 425 tibi
772 390 999 438 pontusque
1032 391 1220 438 negetur.

172 444 288 484 Certe
320 457 391 497 ego
423 457 502 484 non
534 446 659 497 patiar
691 444 792 484 Iovis
825 443 1061 484 incunabula
1080 476 1091 498 ‚
1125 444 1292 496 Creten,

83 511 149 543 100
172 503 248 549 Qui
279 516 391 543 meus
424 509 485 544 est
516 503 622 543 orbis
641 536 652 556 ‚
684 508 836 543 tantum
876 505 1104 554 contingere
1136 508 1358 542 monstrum
1374 498 1397 540 .'

169 562 302 602 Dixit:
334 568 374 602 et
404 568 449 602 ut
479 562 586 614 leges
620 563 743 614 captis
774 563 1015 601 iustissimus
1047 568 1186 601 auctor

169 620 358 661 Hostibus
389 623 594 673 inposuit,
627 621 763 660 classis
795 621 1011 660 retinacula
1043 620 1139 660 solvi

169 680 288 720 Iussit
319 685 359 720 et
390 685 541 719 aeratas
572 679 728 732 impleri
759 681 908 731 remige
939 692 1115 732 puppes.

171 738 297 790 Scylla
328 739 430 778 freto
461 744 673 791 postquam
704 738 891 778 deductas
924 751 1017 778 nare
1051 740 1227 792 carinas,

83 805 149 836 105
170 797 251 837 Nec
283 804 485 850 praestare
517 798 661 837 ducem
693 797 855 837 sceleris
887 796 962 837 sibi
994 799 1167 849 praemia
1198 796 1317 849 vidit,

171 856 426 909 Consumptis
457 856 643 909 precihus
675 855 883 895 violentam
915 858 1057 895 transit
1088 858 1128 896 in
1159 858 1282 909 iram,

170 915 463 968 Intendensque
495 928 663 968 manus,
695 917 820 967 passis
852 914 1063 954 furibunda
1097 914 1245 967 capillis

173 971 274 1021 ‘Quo
307 975 409 1026 fugis
428 971 455 1028 ‚³
489 974 679 1013 exclamat
711 971 958 1013 emeritorum
990 979 1152 1013 auctore
1184 974 1346 1026 relicta,

173 1032 203 1073 O
236 1035 385 1085 patriae
416 1033 589 1086 praelate
621 1045 761 1085 meae,
791 1032 964 1085 praelate
995 1030 1186 1084 parenti?

84 1100 151 1132 110
173 1092 258 1138 Quo
292 1093 395 1144 sugis
414 1124 425 1145 ,
456 1093 605 1131 inmitis
624 1089 646 1131 Ῥ
679 1088 791 1132 cuius
823 1092 986 1130 victoria
1018 1096 1200 1130 nostrum

171 1150 222 1190 Et
240 1150 370 1190 scelus
390 1157 430 1190 et
454 1152 640 1190 meritum
672 1156 733 1190 est
752 1181 760 1189 .
800 1162 873 1190 nee
894 1155 931 1189 te
953 1150 1041 1189 data
1060 1162 1249 1203 munera,
1268 1162 1341 1190 nec
1363 1157 1399 1189 te

170 1209 314 1249 Noster
345 1221 454 1249 amor
485 1211 636 1262 movit,
667 1221 741 1249 nec
774 1209 878 1261 quod
909 1221 1000 1261 spes
1033 1210 1160 1248 omnis
1197 1210 1238 1248 in
1277 1221 1400 1248 unum

171 1268 226 1308 Te
259 1280 344 1308 mea
377 1274 563 1321 congesta
595 1265 695 1308 est?
727 1280 816 1307 nam
849 1280 926 1319 quo
960 1268 1117 1307 deserta
1148 1265 1360 1307 revertar?

171 1326 215 1366 In
247 1325 455 1379 patriam?
486 1332 670 1380 superata
700 1328 830 1367 iacet.
870 1326 938 1365 sed
971 1327 1074 1378 finge
1106 1338 1289 1366 manere:

86 1394 150 1426 115
170 1386 398 1426 Proditione
431 1398 517 1426 mea
549 1386 679 1426 clausa
711 1391 771 1426 est
802 1385 926 1425 mihi.
963 1386 1086 1437 patris
1119 1385 1166 1424 ad
1200 1382 1302 1424 ora?

172 1445 299 1491 Quem
330 1445 401 1484 tibi
433 1442 614 1484 donavi?
646 1446 750 1484 cives
783 1444 902 1483 odere
934 1449 1177 1483 merentem:

97 1526 151 1532 —
172 1503 349 1543 Finitimi
380 1504 603 1556 exemplum
634 1509 846 1542 metuunt.
885 1504 1119 1555 exponimur
1151 1502 1246 1541 orbe

171 1562 415 1615 Terrarum,
447 1562 560 1602 nobis
592 1567 637 1601 ut
668 1561 783 1601 Crete
815 1561 895 1601 sola
926 1567 1102 1613 pateret.

171 1621 281 1661 Hanc
300 1634 457 1674 quoque
478 1623 511 1661 si
536 1620 722 1672 prohibes
740 1652 751 1673 ,
778 1626 818 1660 et
842 1632 914 1660 nos
932 1651 944 1673 ‚
975 1621 1127 1672 ingrate
1146 1652 1157 1674 ,
1189 1620 1404 1673 relinquis,

86 1690 152 1722 120
171 1680 258 1720 Non
290 1681 470 1733 genetrix
500 1679 658 1732 Europa
690 1679 761 1719 tibi
793 1684 882 1732 est,
914 1679 984 1719 sed
1020 1679 1218 1731 inhospita
1251 1678 1402 1731 Syrtis,

173 1740 380 1780 Armeniae
412 1740 533 1791 tigres
566 1744 779 1790 austroque
812 1739 954 1789 agitata
987 1737 1226 1790 Charybdis.

174 1798 256 1838 Nec
288 1799 377 1838 Iove
409 1804 453 1838 tu
484 1803 599 1838 natus
618 1829 630 1850 ‚
662 1809 735 1837 nec
767 1802 892 1837 mater
922 1798 1090 1849 imagine
1123 1798 1227 1837 tauri

173 1857 298 1898 Ducta
329 1865 396 1897 tua
428 1862 516 1910 est3
548 1858 704 1908 generis
737 1855 832 1896 salsa
863 1861 925 1895 est
956 1867 1000 1895 ea
1032 1855 1185 1896 fabula:
1217 1867 1356 1909 verus,

176 1916 244 1967 [Et
276 1918 386 1957 ferus
416 1921 457 1956 et
488 1922 625 1968 captus
658 1915 803 1955 nullius
837 1926 968 1953 amore
1000 1913 1206 1965 iuvencae]

88 1983 154 2016 125
176 1975 253 2022 Qui
285 1982 323 2016 te
355 1977 597 2028 progenuit,
629 1980 766 2014 taurus
799 1975 874 2013 suit
893 2005 902 2013 .
942 1974 1053 2025 exige
1084 1985 1256 2026 poenas,

168 2034 267 2085 ,Nise
299 2034 440 2087 pater!
473 2033 640 2086 gaudete
673 2033 783 2072 malis
802 2064 813 2085 ,
845 2032 961 2072 modo
993 2032 1178 2086 prodita,
1209 2033 1356 2072 nostris

176 2093 355 2133 Moenia!
388 2105 479 2133 nam
510 2094 635 2132 fateor
653 2113 673 2145 ,<
696 2093 823 2132 merui
854 2097 895 2130 et
925 2103 1013 2131 sum
1045 2091 1160 2143 digna
1190 2092 1344 2142 perire.

177 2152 254 2192 Sed
285 2158 417 2192 tamen
449 2164 496 2191 ex
527 2151 604 2191 illis
636 2151 776 2202 aliquis
796 2182 807 2203 ,
839 2162 938 2201 quos
969 2152 1088 2202 impia
1119 2150 1238 2203 laesi,

175 2211 236 2251 Me
267 2213 464 2263 perimat.
503 2223 575 2250 cur
592 2242 604 2263 ‚
636 2212 705 2262 qui
737 2211 864 2249 vicisti
897 2210 1063 2248 erimine
1094 2214 1256 2261 nostro,

92 2270 401 2322 1301nsequeris
435 2266 625 2309 crimen?
657 2268 786 2309 scelus
823 2268 899 2307 hoc
937 2270 1166 2320 patriaeque
1196 2269 1402 2320 patrique,

175 2328 358 2368 Officium
390 2328 461 2369 tibi
492 2330 572 2368 sit.
613 2334 650 2367 te
683 2339 774 2366 vere
808 2328 973 2380 coniuge
1006 2327 1122 2379 digna
1154 2332 1236 2380 est,
