1554 2563
490 96 577 132 VIII
595 124 603 141 ,
628 96 797 133 ssa-IX
810 123 819 140 ,
847 101 890 132 67
905 123 914 133 .
1013 109 1189 133 acuamus
1288 97 1370 139 175

148 205 488 258 Congrediturque
521 207 631 245 ferox
651 237 660 245 .
696 205 838 258 puduit
875 206 988 246 modo
1026 219 1164 259 magna
1195 207 1369 247 locutum

148 264 326 305 Cedere:
356 266 477 304 reieci
508 265 672 304 viridem
704 264 751 304 de
784 277 948 316 corpore
981 271 1153 318 vestem,

147 323 412 375 Bracchiaque
444 325 638 376 opposui,
670 325 858 375 tenuique
891 336 911 362 a
943 330 1102 375 pectore
1134 336 1243 364 varas

148 382 190 421 ln
222 384 388 422 statione
421 394 559 422 manus
592 389 631 421 et
660 394 814 433 pugnae
845 382 1020 421 membra
1052 385 1204 435 paravi.

82 448 126 480 35
148 440 214 480 Ille
246 442 349 480 cavis
380 440 520 480 hausto
553 442 702 492 spargit
732 453 793 480 me
825 441 986 492 pulvere
1018 442 1176 494 palmis,

147 499 270 551 Inque
302 502 427 539 vicem
460 499 585 539 fulvae
618 505 724 539 tactu
755 499 930 539 flavescit
960 500 1152 539 harenae.

147 557 197 597 Et
228 557 342 597 modo
376 559 568 597 cervicem
587 590 597 610 ‚
630 557 744 597 modo
777 570 894 597 crura
926 560 1107 598 micantia
1140 565 1290 611 captat,

148 617 225 656 Aut
256 622 412 668 captare
445 623 560 668 putes
579 649 589 669 ,
623 618 806 668 omnique
840 629 860 655 a
891 624 1002 669 parte
1035 617 1214 657 lacessit,

148 675 208 714 Me
240 687 326 714 mea
357 675 532 715 defendit
563 677 760 726 gravitas:
793 676 1018 727 frustraque
1050 676 1236 728 petebar3

84 742 128 773 40
148 733 260 773 Haud
292 746 407 773 secus
438 746 482 773 ac
512 734 635 774 moles
654 765 665 787 ,
697 746 836 785 magno
862 746 978 786 quam
1006 747 1209 774 murmure
1228 736 1372 774 fluctus

150 791 414 845 Oppugnant3
445 799 576 832 manet
606 793 699 845 illa,
732 805 882 844 suoque
915 799 975 833 est
1005 793 1180 845 pondere
1212 800 1319 833 tuta.

149 850 397 902 Digredimur
428 851 587 903 paulum
606 884 617 903 ,
649 863 867 903 rursusque
900 851 946 890 ad
978 851 1080 891 bella
1111 854 1285 905 coimus,

150 909 273 961 Inque
305 909 428 961 gradu
462 912 672 963 stetimus,
705 912 804 949 certi
836 922 914 949 non
947 911 1119 963 cedere3
1152 917 1314 962 eratque

150 967 248 1008 Cum
279 968 379 1020 pede
412 981 482 1020 pes
513 971 701 1021 iunctus,
732 974 894 1020 totoque
927 981 999 1021 ego
1031 976 1192 1021 pectore
1224 982 1373 1021 pronus

85 1034 128 1066 45
149 1026 199 1066 Et
229 1027 370 1078 digitos
403 1027 533 1079 digitis
566 1033 606 1066 et
636 1028 806 1067 frontem
838 1028 967 1067 fronte
997 1028 1246 1079 premebam.

149 1084 236 1124 Non
267 1085 379 1125 aliter
410 1086 488 1125 vidi
519 1086 641 1125 fortes
673 1097 912 1125 concurrere
944 1092 1103 1139 tauros,

150 1143 248 1183 Cum
279 1146 450 1196 pretium
480 1156 634 1196 pugnae
666 1150 747 1184 toto
779 1144 1011 1184 nitidissima
1044 1145 1143 1184 saltu

149 1202 357 1254 Expetitur
388 1204 584 1242 coniunx:
615 1208 794 1255 spectant
824 1209 999 1242 armenta
1030 1211 1249 1255 paventque

151 1261 320 1314 Nescia,
353 1274 469 1313 quem
501 1269 655 1301 maneat
686 1263 783 1300 tanti
815 1263 977 1301 victoria
1008 1265 1143 1313 regni.

87 1327 130 1360 50
149 1319 228 1359 Ter
259 1321 342 1359 sine
374 1321 555 1371 profectu
586 1320 709 1360 voluit
740 1322 904 1359 nitentia
936 1327 1073 1360 contra

150 1377 314 1418 Reicere
346 1378 500 1418 Alcides
532 1391 553 1418 a
586 1391 627 1418 se
659 1391 745 1418 mea
775 1385 965 1430 pectora:
998 1384 1139 1430 quarto

150 1436 310 1477 Excutit
340 1437 541 1489 amplexus
559 1469 570 1490 ,
602 1437 846 1488 adductaque
878 1436 1060 1476 bracchia
1093 1437 1228 1489 solvit,

150 1495 432 1547 Inpulsumque
466 1508 581 1535 manu
603 1517 657 1524 —
678 1501 831 1535 certum
863 1501 924 1534 est
954 1496 1049 1535 mihi
1075 1507 1166 1535 vera
1186 1496 1297 1535 fateri
1321 1518 1374 1524 —

151 1553 337 1593 Protinus
370 1556 539 1607 avertit,
570 1560 759 1606 tergoque
792 1566 984 1593 onerosus
1015 1554 1204 1593 inhaesit.

89 1619 133 1652 55
155 1611 275 1664 Siqua
306 1612 402 1652 fides
421 1644 432 1666 ‚
467 1634 516 1640 —
546 1625 675 1664 neque
709 1614 812 1652 enim
844 1613 932 1651 ficta
964 1612 1059 1651 mihi
1091 1613 1214 1664 gloria
1245 1625 1338 1652 voce

153 1671 364 1717 Quaeritur
396 1693 450 1699 —
483 1673 654 1723 inposito
685 1683 847 1723 pressus
879 1671 974 1710 mihi
1006 1677 1139 1710 monte
1173 1671 1351 1710 videbar.

152 1729 222 1769 Vix
253 1735 384 1769 tamen
415 1731 565 1769 inserui
598 1729 741 1769 sudore
772 1729 933 1769 fluentia
965 1729 1088 1769 multo

155 1788 372 1841 Bracchia,
403 1790 466 1828 vix
498 1788 592 1828 solvi
626 1788 746 1827 duros
778 1800 798 1826 a
829 1794 990 1840 pectore
1022 1800 1169 1828 nexus.

152 1847 276 1886 Instat
305 1846 531 1900 anhelanti,
561 1846 823 1898 prohibetque
854 1858 1058 1886 resumere
1089 1848 1217 1899 vires,

89 1913 133 1945 60
152 1905 203 1945 Et
233 1907 386 1945 cervice
417 1917 502 1945 mea
533 1907 710 1957 potitur.
748 1911 833 1944 tum
866 1905 1036 1957 denique
1068 1905 1182 1944 tellus

152 1964 293 2003 Pressa
323 1976 427 2016 genu
458 1970 594 2004 nostro
627 1970 715 2017 est,
747 1970 787 2003 et
817 1963 983 2002 harenas
1015 1975 1082 2002 ore
1116 1963 1328 2002 momordi.

153 2022 321 2062 Inferior
352 2024 496 2062 virtute
514 2054 526 2075 ,
556 2034 664 2062 meas
696 2022 869 2061 divertor
900 2021 946 2060 ad
979 2029 1106 2073 artes,

154 2080 375 2133 Elaborque
400 2083 483 2120 viro
509 2081 669 2133 longum
696 2082 884 2120 formatus
910 2082 952 2119 in
978 2092 1164 2131 anguem.
1195 2089 1225 2114 1.
1245 2090 1379 2114 cxxxiv-

154 2139 230 2185 Qui
260 2146 468 2192 postquam
497 2139 620 2179 flexos
651 2141 801 2179 sinuavi
834 2151 977 2190 corpus
1009 2140 1050 2177 in
1082 2138 1222 2191 orbes,

91 2205 134 2237 65
156 2197 333 2250 Cumque
364 2199 447 2238 sero
480 2200 583 2238 movi
613 2198 786 2250 linguam
818 2197 987 2237 stridore
1019 2196 1231 2250 bisulcam,

154 2256 283 2310 Risit,
315 2263 355 2296 et
385 2257 553 2297 illudens
585 2263 740 2296 nostras
772 2255 1000 2309 Tirynthius
1033 2262 1136 2295 artes

156 2312 387 2356 “Cunarum
416 2315 526 2355 labor
557 2321 618 2355 est
649 2326 794 2366 angues
827 2326 1013 2367 superare
1046 2325 1221 2354 mearum
1236 2311 1259 2362 ‚⁹
