1554 2563
190 111 276 153 304
424 123 580 146 ecmonus
642 135 646 139 -
736 107 951 144 METAMM
965 137 973 144 .

221 230 288 261 790
310 220 387 260 Ora
418 220 587 271 patentis
619 224 759 271 erant,
791 230 917 269 neque
950 219 1025 257 iter
1055 217 1322 269 praecluserat
1352 217 1480 257 unda.

307 277 452 317 Lurida
484 277 713 328 subponunt
745 277 912 316 fecundo
946 276 1106 327 sulpura
1137 277 1257 328 fonti,

308 336 605 387 incenduntque
639 347 749 374 cavas
781 336 953 375 fumante
986 334 1176 374 bitumine
1208 347 1348 374 venaS.

308 394 463 434 Viribus
495 394 555 433 his
587 394 748 445 aliisque
780 406 898 445 vapor
930 395 1147 445 penetravit
1179 393 1225 432 ad
1256 394 1333 432 ima

306 453 469 505 Fontis3
501 458 541 492 et
571 452 707 504 Alpino
741 453 854 491 modo
888 465 984 503 quae
1018 457 1168 491 certare
1200 453 1322 502 rigori
1417 459 1514 486 Lecti

220 520 286 552 795
307 511 518 551 Audebatis
552 523 703 564 aquae,
735 524 813 550 non
845 511 982 549 ceditis
1015 510 1170 561 ignibus
1196 512 1315 561 ipsis,

308 570 554 609 Flammifera
586 571 730 621 gemini
761 570 911 608 fumant
943 570 1147 620 aspergine
1179 574 1335 620 postes:

308 629 535 681 Portaque,
567 630 806 679 nequiquam
838 627 972 679 rigidis
1004 628 1195 678 promissa
1228 626 1404 679 Sabinis,

308 687 430 726 Fonte
465 687 538 726 suit
569 692 814 737 praestructa
845 698 944 725 novo
963 717 974 738 ‚
1006 685 1099 724 dum
1130 685 1292 724 Martius
1324 697 1428 724 arma

307 746 493 785 indueret
525 745 637 784 miles
656 776 664 784 .
705 757 801 796 quae
833 750 1041 796 postquam
1073 743 1262 783 Romulus
1295 743 1399 783 ultro

220 813 288 845 800
309 804 487 856 Obtulit,
520 809 559 842 et
590 809 712 842 strata
744 809 804 842 est
835 803 950 842 tellus
982 802 1154 841 Romana
1188 802 1341 841 Sabinis

308 862 575 915 Corporibus,
608 867 727 901 strata
759 867 896 912 estque
929 862 1009 900 suis
1028 892 1039 914 ‚
1071 862 1284 912 generique
1317 872 1497 900 cruorem

309 922 504 972 Sanguine
537 933 626 959 cum
658 922 785 959 soceri
816 921 1046 971 permiscuit
1076 921 1220 970 impius
1252 920 1380 972 ensis,

307 980 407 1018 Pace
440 985 569 1018 tamen
601 980 686 1018 sisti
718 978 862 1017 bellum
894 991 966 1017 nec
998 979 1039 1017 in
1070 978 1205 1017 ultima
1237 978 1342 1016 ferro

308 1038 517 1077 Decertare
549 1037 710 1090 placet,
742 1037 974 1088 Tatiumque
1008 1036 1194 1076 accedere
1227 1048 1371 1087 regno.

221 1104 287 1137 805
368 1095 574 1135 Occiderat
605 1095 768 1148 Tatius,
799 1095 1033 1147 populisque
1065 1100 1227 1146 aequata
1258 1094 1432 1147 duobus,

308 1154 472 1193 Romule
491 1186 501 1206 ‚
534 1156 619 1193 iura
649 1153 798 1193 dabas:
829 1155 955 1205 posita
987 1166 1077 1192 cum
1110 1153 1259 1192 casside
1291 1153 1442 1192 Mavors

309 1212 467 1251 Talibus
500 1213 637 1251 affatur
664 1212 873 1263 divumque
905 1212 1185 1263 hominumque
1218 1217 1441 1263 parentem:

310 1268 496 1321 ‘Tempus
528 1271 664 1323 adest,
697 1272 878 1323 genitor,
911 1272 1094 1321 quoniam
1134 1270 1357 1309 fundamine
1390 1281 1525 1321 magno

309 1329 385 1368 Res
417 1329 589 1367 Romana
620 1329 748 1380 valet,
780 1341 852 1367 nec
883 1329 1061 1379 praeside
1094 1329 1238 1379 pendet
1269 1328 1316 1367 ab
1349 1340 1451 1380 unO,

222 1395 290 1427 810
310 1387 486 1426 Praemia
519 1399 616 1438 quae
648 1388 840 1438 promissa
872 1387 965 1425 mibi
997 1388 1192 1438 dignoque
1224 1388 1382 1440 nepoti,

292 1445 469 1484 'Solvere
489 1477 499 1497 ‚
532 1451 571 1484 et
602 1444 772 1484 ablatum
804 1446 921 1483 terris
953 1447 1141 1496 inponere
1175 1445 1303 1484 eaelo.

309 1504 368 1542 Tu
400 1504 495 1543 mihi
526 1503 689 1542 concilio
718 1504 912 1554 quondam
943 1509 1149 1554 praesente
1181 1503 1345 1542 deorum
1377 1525 1432 1531 —

308 1562 405 1600 Nam
437 1574 610 1601 memoro
643 1563 884 1612 memorique
917 1563 1044 1600 animo
1076 1563 1138 1613 pia
1170 1561 1286 1600 verba
1318 1563 1447 1601 notavi
1475 1583 1522 1589 -

310 1618 450 1659 “Unus
482 1622 586 1673 erit,
619 1632 736 1671 quem
767 1625 810 1659 tu
842 1620 953 1659 tolles
986 1622 1025 1658 in
1058 1620 1211 1659 caerula
1244 1617 1370 1659 caeli''

222 1687 290 1718 815
311 1679 478 1717 Dixisti.
517 1684 600 1717 rata
632 1680 682 1717 sit
713 1678 924 1717 verborum
956 1690 1107 1717 summa
1139 1684 1297 1717 tuorum
1311 1675 1335 1718 .'

310 1738 456 1775 Annuit
488 1738 735 1788 omnipotens
755 1768 765 1788 ‚
798 1742 837 1776 et
870 1736 1042 1775 nubibus
1074 1740 1162 1775 aera
1195 1738 1320 1775 caecis

312 1794 494 1834 Occuluit
511 1826 521 1847 ,
554 1796 781 1846 tonitruque
814 1803 853 1833 et
887 1795 1040 1846 fulgure
1073 1796 1215 1833 terruit
1246 1794 1404 1834 orbem.

312 1853 417 1899 Quae
451 1853 524 1892 sibi
555 1854 769 1904 promissae
802 1854 925 1891 sensit
955 1858 1037 1891 rata
1070 1854 1177 1904 signa
1209 1854 1391 1906 rapinae,

313 1912 550 1962 Innixusque
584 1911 715 1950 hastae
747 1923 906 1962 pressos
932 1916 1086 1950 temone
1121 1916 1284 1950 cruento

225 1978 293 2009 820
313 1969 517 2020 Inpavidos
551 1969 779 2008 conscendit
810 1981 932 2020 equos
964 1968 1153 2008 Gradivus
1173 2001 1183 2021 ‚
1217 1976 1255 2008 et
1285 1970 1365 2008 ictu

312 2027 494 2066 Vei-beris
526 2029 750 2079 increpuit,
782 2039 1009 2078 pronusque
1041 2039 1112 2078 per
1145 2031 1233 2066 aera
1265 2027 1397 2079 lapsus

312 2085 496 2124 Constitit
527 2087 567 2124 in
599 2097 750 2124 summo
783 2087 980 2124 nemorosi
1012 2084 1107 2123 colle
1139 2085 1284 2125 Palati:

313 2143 633 2194 Reddentemque
667 2156 737 2182 suo
770 2145 845 2182 iam
878 2145 984 2194 regia
1015 2144 1100 2181 iura
1133 2143 1275 2189 Quiriti

313 2201 482 2240 Abstulit
513 2201 658 2240 Iliaden
679 2232 687 2240 .
726 2213 869 2253 corpus
901 2200 1063 2240 mortale
1094 2213 1165 2252 per
1197 2213 1311 2240 auras
1405 2208 1512 2237 §.coifi

226 2267 292 2298 825
314 2259 514 2310 Dilapsum
548 2266 685 2298 tenues
704 2291 715 2312 ‚
747 2265 790 2298 ut
822 2259 897 2298 lata
927 2258 1108 2311 plumbea
1140 2260 1258 2298 funda

312 2316 428 2355 Missa
461 2317 559 2356 solet
591 2318 717 2356 medlo
751 2317 858 2366 glans
890 2316 1132 2356 intabescere
1166 2317 1292 2357 caelo.
