1554 2563
89 101 143 143 74
305 114 470 137 SALMACIS
637 100 851 136 METAMM
864 127 873 136 .

205 211 325 250 Celmi
337 243 348 264 ,
367 211 447 250 Iovi
460 243 470 262 ,
490 210 675 262 largoque
696 216 799 250 satos
821 210 983 250 Curetas
1004 210 1050 248 ab
1072 210 1207 263 imbri,
1222 220 1264 246 rt.
1283 219 1422 247 xli-xliv.

204 270 254 309 Et
285 269 437 309 Crocon
468 272 509 308 in
541 282 680 321 parvos
711 281 868 308 versum
902 282 991 308 cum
1024 270 1188 308 Smilace
1223 270 1338 309 liores

204 329 443 380 Praetere03
474 328 658 379 dulcique
689 331 838 368 animos
871 331 1040 366 novitate
1072 328 1236 367 tenebo.

117 395 182 427 285
263 386 372 425 Unde
406 388 456 426 sit
487 388 640 426 infamis
660 419 670 439 ‚
703 399 823 438 quare
856 387 953 425 male-
986 386 1155 425 fortibus
1188 386 1303 426 undis

205 446 390 485 Salmacis
422 453 583 484 enervet
615 452 817 496 tactosque
849 446 1041 484 remolliat
1072 452 1203 498 artuS,

204 504 348 543 Discite
369 535 378 543 .
416 517 531 543 causa
563 505 685 544 latet:
717 506 773 543 vis
805 510 866 543 est
898 506 1100 542 notissima
1133 505 1273 544 sontis.

202 563 398 602 Mercurio
430 576 598 614 puerum
630 564 714 601 diva
741 563 972 614 Cythereide
1006 570 1139 602 natum

203 622 345 661 Naides
377 621 501 661 Idaeis
533 624 757 661 enutrivere
790 622 863 660 sub
897 623 1043 673 antris3

115 688 182 721 290
204 680 324 720 Cuius
357 687 442 719 erat
474 681 620 733 facies,
652 682 692 719 in
724 693 800 731 qua
832 687 1034 731 materque
1066 687 1255 732 paterque

203 739 396 790 Cognosci
427 746 616 791 possent;
648 751 790 778 nomen
823 751 979 790 quoque
1012 741 1130 778 traxit
1161 739 1207 777 ab
1240 738 1336 778 illis.

202 798 239 837 Is
272 800 346 837 tria
377 810 467 837 cum
498 800 668 849 primum
702 799 795 837 secit
826 800 1091 848 quinquennia
1112 830 1122 850 ‚
1154 803 1308 837 montes

202 857 385 895 Deseruit
416 859 563 908 patrios
582 889 592 908 ,
626 856 767 908 Idaque
801 857 936 895 altrice
969 856 1105 895 relicta

203 915 349 966 ignotis
382 928 515 954 errare
547 915 642 954 locis
662 946 673 967 ,
705 918 835 966 ignota
868 915 998 953 videre

115 981 182 1014 295
203 974 381 1013 Flumina
412 974 632 1025 gaudebat,
666 974 795 1013 studio
828 975 1028 1012 minuente
1061 973 1257 1013 laborem.

202 1033 269 1071 Ille
302 1035 420 1080 etiam
451 1033 585 1084 Lycias
619 1033 736 1072 urbes
769 1032 986 1084 Lyciaeque
1019 1035 1261 1084 propinquos

204 1091 321 1130 Caras
352 1092 459 1130 adit.
499 1092 602 1130 videt
634 1094 695 1130 hic
728 1097 908 1142 stagnum
941 1092 1107 1130 lucentis
1139 1093 1185 1130 ad
1219 1093 1339 1130 imum

201 1150 334 1201 Usque
366 1150 493 1189 solum
525 1150 702 1201 lymphae
722 1181 731 1189 .
770 1162 848 1189 non
881 1150 958 1188 illic
991 1162 1113 1188 canna
1145 1150 1330 1201 palustris

201 1209 283 1248 Nec
315 1209 469 1247 steriles
502 1210 610 1247 ulvae
643 1221 715 1248 nec
747 1215 860 1248 acuta
892 1209 1052 1259 cuspide
1085 1210 1214 1261 iunci3

115 1276 182 1308 ‘300
201 1268 441 1319 perspicuus
472 1268 601 1318 liquor
633 1273 694 1306 est
713 1298 722 1306 .
759 1269 885 1318 stagni
918 1273 1046 1305 tamen
1080 1268 1214 1306 ultima
1245 1268 1329 1306 vivo

203 1326 382 1378 Caespite
415 1328 627 1377 cinguntur
658 1338 892 1378 semperque
926 1326 1142 1364 virentibus
1176 1326 1331 1365 herbis.

202 1385 378 1436 Nympha
411 1385 531 1437 colit,
564 1386 632 1424 sed
665 1397 737 1424 nec
763 1384 966 1423 venatibus
998 1392 1085 1435 apta
1105 1416 1115 1436 ,
1149 1397 1220 1423 nec
1252 1397 1367 1424 arcus

201 1443 378 1482 Flectere
412 1456 510 1494 quae
543 1443 692 1495 soleat,
725 1456 798 1482 nec
830 1456 928 1495 quae
961 1443 1199 1482 contendere
1232 1455 1375 1496 cursu,

204 1502 370 1553 Solaque
403 1502 583 1540 naiadum
617 1503 735 1541 celeri
766 1515 844 1540 non
878 1509 967 1541 nota
1002 1502 1165 1541 Dianae.

114 1569 180 1601 305
203 1561 326 1612 Saepe
360 1573 450 1599 suas
482 1561 537 1599 illi
571 1562 668 1599 fama
701 1567 761 1600 est
793 1561 936 1599 dixisse
961 1573 1126 1599 sorores

204 1617 401 1658 “Salmaci
419 1651 430 1672 ‚
464 1620 522 1658 vel
555 1621 753 1672 iaculum,
785 1619 845 1658 vel
878 1622 1000 1671 pictas
1032 1632 1142 1658 sume
1175 1619 1378 1671 pharetras

204 1678 251 1717 Et
282 1684 348 1717 tua
381 1691 471 1717 cum
497 1678 607 1717 duris
640 1678 842 1718 venatibus
874 1680 951 1717 otia
984 1680 1104 1716 misce
1118 1675 1160 1718 .''

202 1737 283 1776 Nec
308 1738 477 1775 iaculum
510 1739 630 1776 sumit
662 1749 734 1776 nec
765 1739 889 1788 pictas
922 1737 983 1775 illa
1016 1737 1245 1790 pharetras,

202 1795 283 1834 Nec
314 1808 384 1834 sua
417 1808 505 1834 cum
538 1795 646 1834 duris
679 1795 881 1834 venatibus
908 1797 984 1834 otia
1019 1798 1179 1835 miscet:

115 1862 184 1894 310
205 1854 281 1893 Sed
314 1854 428 1892 modo
462 1855 568 1892 sonte
600 1866 672 1892 suo
706 1855 897 1892 formosos
929 1854 1075 1906 perluit
1106 1861 1238 1907 artus,

204 1913 328 1964 Saepe
356 1913 558 1964 Cytoriaco
591 1912 751 1952 deducit
781 1914 935 1964 pectine
968 1915 1121 1965 crines,

202 1971 252 2009 Et
284 1971 376 2022 quid
411 1984 452 2009 se
485 1971 649 2024 deceat,
681 1976 875 2022 spectatas
907 1971 1075 2009 consulit
1108 1971 1255 2011 undas:

202 2030 315 2069 Nunc
347 2030 567 2080 perlucenti
599 2029 837 2068 circumdata
869 2042 1014 2081 corpus
1046 2032 1190 2068 amictu

203 2088 383 2128 Mollibus
417 2095 484 2128 aut
515 2089 616 2127 soliis
648 2095 716 2128 aut
746 2088 928 2126 mollibus
961 2089 1120 2126 incubat
1153 2088 1307 2127 herbis:

116 2154 183 2186 315
205 2147 328 2198 Saepe
362 2147 455 2197 legit
486 2147 603 2186 flores
624 2178 632 2185 .
672 2152 712 2186 et
742 2152 837 2186 tunc
869 2159 1025 2197 quoque
1059 2148 1158 2185 forte
1191 2146 1367 2199 legebat,

203 2205 301 2244 Cum
332 2218 500 2256 puerum
532 2206 655 2257 vidit,
686 2207 890 2256 visumque
923 2206 1069 2256 optavit
1101 2205 1267 2244 habere.

202 2263 283 2302 Nec
315 2271 445 2303 tamen
478 2271 565 2303 ante
599 2264 721 2317 adiit,
747 2265 821 2302 etsi
853 2264 1088 2315 properabat
1119 2264 1249 2314 adire,

204 2321 328 2367 Quam
360 2335 402 2361 se
433 2325 683 2374 composuit,
714 2335 831 2373 quam
862 2324 1142 2374 circumspexit
1172 2323 1361 2370 amictus,
