1554 2563
519 73 602 108 XIV
621 101 629 118 ,
655 77 839 110 205—277
856 103 863 110 .
1021 87 1118 110 cmce
1275 74 1359 116 289

142 183 315 234 Effugit.
353 185 493 222 amissa
524 184 721 223 sociorum
752 190 861 235 parte
895 184 1070 223 dolentes

141 241 338 293 Multaque
371 244 576 293 conquesti
609 244 725 281 terris
758 242 961 282 allabimur
991 243 1090 294 illis,

142 299 246 346 Quas
278 300 416 351 procul
447 300 538 340 hinc
570 302 699 340 cernis
726 332 733 339 .
772 301 910 352 procul
936 308 1024 355 est,
1055 301 1149 340 mihi
1182 301 1322 354 crede,

1196 359 1359 399 videnda

52 425 120 456 245
141 416 270 456 Insula
289 450 299 470 ‚
333 419 411 456 visa
445 418 567 457 mihi:
601 423 720 469 tuque
740 450 751 471 ,
783 430 805 456 o
838 418 1050 457 iustissime
1083 418 1254 471 Troum,

141 475 236 515 Nate
270 476 370 529 dea,
403 499 457 503 —-
491 488 617 527 neque
650 478 754 515 enim
786 477 894 515 finito
927 477 1048 516 Marte
1080 477 1277 516 vocandus

141 533 273 573 IIostis
305 546 376 587 es,
408 535 566 587 Aenea,
599 556 654 562 -—
688 547 855 587 moneo,
888 536 977 586 fuge
1011 536 1125 575 litora
1157 535 1312 575 Circes,

139 592 218 631 Nos
245 605 401 644 quoque
434 592 594 632 Circaeo
627 594 787 644 religata
818 595 857 632 in
889 593 1003 633 litore
1036 596 1154 647 pinu,

138 651 369 703 Antiphatae
403 663 596 691 memores
627 653 941 703 inmansuetique
975 652 1175 705 Cyclopis,

51 717 119 749 250
140 709 201 748 Ire
234 710 470 761 negabamus
489 742 499 762 ‚
533 710 600 749 sed
633 717 734 750 tecta
766 712 897 762 ignota
928 710 1060 750 subire

140 768 254 807 Sorte
287 780 422 807 sumus
455 768 574 821 lecti;
607 781 692 808 sors
724 781 786 808 me
819 769 1016 820 fidumque
1048 769 1201 808 Politen

139 826 482 878 Eurylochumque
515 827 629 866 simul
661 829 902 879 nimiumque
935 827 1128 879 Elpenora
1153 830 1241 867 vino

138 885 281 937 Bisque
314 898 453 924 novem
486 888 613 925 socios
646 885 803 925 Circaea
836 887 881 925 ad
914 888 1067 925 moenia
1098 888 1224 926 misit.

140 944 246 990 Quae
279 944 394 983 simul
427 946 625 996 attigimus
644 976 654 996 ‚
687 946 946 996 stetimusque
978 947 1018 984 in
1049 945 1181 984 limine
1215 946 1332 998 tecti,

51 1011 117 1042 255
137 1002 240 1041 Mille
272 1002 353 1054 lupi
386 1004 607 1054 mixtaeque
639 1003 740 1054 lupis
773 1015 966 1054 ursaeque
997 1003 1158 1054 leaeque

140 1061 318 1100 Occursu
351 1062 480 1100 secere
513 1069 689 1101 metum.
728 1062 796 1100 sed
829 1061 934 1101 nulla
966 1063 1177 1114 timenda„

138 1119 328 1171 Nullaque
361 1125 444 1159 erat
476 1126 610 1159 nostro
643 1120 792 1159 factura
824 1121 863 1158 in
896 1132 1060 1172 corpore
1093 1121 1258 1161 minus:

139 1178 241 1224 Quin
274 1180 390 1217 etiam
421 1178 580 1217 blandas
612 1190 767 1217 movere
799 1191 870 1230 per
903 1182 992 1218 aera
1024 1179 1189 1232 caudas,
1220 1175 1224 1180 ’

136 1237 356 1288 Nostraque
389 1237 590 1276 adulantes
624 1238 810 1276 comitant
841 1238 1031 1290 vestigia,
1064 1238 1188 1277 donec

54 1303 118 1336 260
137 1295 348 1347 Excipiunt
380 1296 573 1348 famulae,
604 1308 753 1347 perque
786 1297 882 1335 atria
913 1308 1107 1335 marmore
1139 1302 1242 1336 tecta

136 1353 193 1392 Ad
226 1354 422 1393 dominam
454 1354 630 1393 ducunt.
668 1354 833 1405 pulchro
865 1354 975 1393 sedet
1007 1354 1069 1393 illa
1103 1367 1287 1407 recessu,

139 1411 305 1451 Sublimi
336 1412 432 1451 solio
451 1444 462 1464 ‚
493 1412 711 1463 pallamque
744 1412 879 1451 induta
910 1414 1100 1451 nitentem

138 1471 303 1522 Insuper
335 1477 469 1509 aurato
502 1470 802 1509 circumvelatur
834 1472 999 1510 amictu.

137 1529 325 1568 Nereides
358 1528 627 1580 nymphaeque
660 1529 804 1581 simul,
837 1541 935 1580 quae
968 1529 1110 1569 vellera
1141 1532 1258 1570 motis

52 1595 116 1627 265
137 1587 250 1627 Nulla
282 1587 442 1626 trahunt
474 1587 604 1638 digitis
637 1599 708 1626 nec
741 1587 802 1626 fila
835 1589 1037 1638 sequentia
1069 1588 1241 1628 ducunt:

138 1645 320 1685 Gramina
352 1645 594 1698 disponunt,
627 1657 863 1697 sparsosque
895 1647 980 1685 sine
1012 1647 1148 1686 ordine
1181 1647 1298 1687 ssores

138 1704 359 1744 Secernunt
391 1704 550 1743 calathis
582 1705 784 1755 variasque
817 1704 1014 1744 coloribus
1045 1704 1210 1745 herbas.

136 1763 223 1814 Ipsa
249 1763 351 1814 quod
385 1762 455 1802 hae
490 1763 637 1802 faciunt
662 1774 789 1814 opus,
822 1764 968 1815 exigit3
998 1764 1111 1816 ipsa,
1144 1765 1230 1815 quis
1263 1777 1357 1805 usus

138 1821 302 1872 Quoque
335 1822 385 1860 sit
416 1822 456 1859 in
488 1821 577 1859 solio
596 1852 608 1874 ‚
640 1832 738 1872 quae
771 1822 821 1859 sit
852 1821 1060 1860 concordia
1092 1824 1246 1876 mixtis,

48 1887 117 1919 270
137 1879 252 1918 Novit
283 1885 323 1918 et
353 1879 559 1918 advertens
591 1891 732 1931 pensas
765 1881 957 1918 examinat
987 1879 1151 1920 herbas.

137 1937 241 1976 Haec
273 1937 341 1976 ubi
371 1950 443 1976 nos
476 1937 598 1990 vidit,
631 1937 732 1976 dicta
764 1944 1001 1989 acceptaque
1033 1938 1181 1991 salute,

138 1996 299 2035 Diffudit
331 1995 459 2035 vultus
493 2003 531 2034 et
563 1995 732 2034 reddidit
764 1997 892 2034 omina
923 1997 1045 2035 votis.

136 2054 216 2093 Nec
248 2066 384 2106 mora,
416 2055 574 2093 misceri
607 2056 698 2093 tosti
730 2053 839 2092 iubet
864 2054 1008 2093 hordea
1041 2057 1151 2105 grani

135 2112 325 2164 Mellaque
357 2114 513 2163 vimque
546 2114 645 2151 meri
677 2124 766 2151 cum
797 2111 896 2151 lacte
929 2113 1088 2164 coagula
1120 2125 1257 2167 passe,

50 2179 115 2210 275
137 2171 290 2222 Quique
324 2170 396 2210 sub
429 2171 500 2209 hac
532 2171 676 2210 lateant
708 2171 843 2209 furtim
874 2170 1080 2210 dulcedine
1099 2203 1111 2224 ‚
1143 2184 1259 2211 sucos

136 2230 290 2268 Adicit.
329 2230 542 2280 accipimus
574 2241 682 2267 sacra
715 2229 801 2273 data
833 2229 971 2280 pocula
1004 2230 1160 2269 dextra.

137 2287 244 2333 Quae
277 2287 392 2326 simul
424 2289 549 2327 arenti
581 2288 758 2326 sitientes
791 2287 991 2327 hausimus
1023 2300 1115 2340 ore,

88 2358 202 2385 ovm.
221 2360 270 2386 11.
1031 2357 1073 2388 19
