1554 2563
1201 109 1355 144 XXXIII

11 223 252 273 condictum,
283 221 558 261 confirmatum
588 224 723 272 putes;
760 233 852 260 nam
883 221 1151 271 persolutum,
1187 221 1355 271 praesti-

11 285 115 332 tum,
151 284 284 320 ratum
319 281 470 320 factum
504 281 623 330 paulo
661 282 754 330 post
790 280 970 319 videmus
1009 283 1050 318 et
1079 294 1115 319 v.
1138 281 1222 318 135
1254 280 1356 319 datis

12 342 232 380 mwneribus
255 341 319 378 hic
343 340 440 390 ipse,
472 339 540 389 qui
570 341 804 388 accesserat,
836 341 1002 377 eventus
1035 339 1218 377 demitur.
1267 340 1355 388 pot-

12 401 75 438 est
104 411 152 437 ex
182 399 257 438 hoc
286 411 405 438 versu
439 398 533 436 olim
565 398 778 448 adscripto,
808 398 868 435 uti
901 397 951 435 ad
983 406 1050 436 VII
1072 399 1155 436 276
1188 409 1355 436 comme-

11 458 175 507 moravi,
206 457 317 496 solvit
345 457 422 495 huc
446 457 665 506 irrepsisse.
715 457 749 495 si
769 456 886 495 aliter
912 456 1063 495 erravit
1095 455 1236 506 scriba,
1268 458 1354 506 pot-

12 518 76 555 est
101 516 277 555 adfuisse
304 523 441 559 SIVIT,
466 518 512 553 ut
539 515 802 565 supplendum
828 516 881 553 sit
906 527 927 553 e
952 515 1143 564 proximis
1169 515 1354 554 verbum:

12 576 117 626 sivit,
149 576 323 624 petisset,
364 574 447 613 sive
476 575 637 624 petisse,
677 586 794 624 quem
833 573 1046 612 admodum
1084 573 1168 612 fere
1199 581 1249 612 vl
1270 574 1352 611 269

11 645 169 682 superos
194 646 242 672 ex
265 635 408 683 superi,
439 641 521 670 XIV
544 634 625 671 659
660 644 776 680 quam
800 644 983 681 umquam
1009 645 1058 670 ex
1083 633 1215 680 qualia
1244 643 1356 670 num-

13 705 138 741 quam.
276 689 360 730 247
393 691 550 738 USQUE
581 700 714 731 DEOS.
763 692 881 739 Isque
911 691 963 741 M,
994 691 1130 739 Inque,
1163 691 1244 728 alia
1274 690 1355 728 alii.

13 751 118 801 quod
144 751 296 801 scripsi,
328 750 465 789 eodem
491 762 631 789 versus
662 750 775 788 initio
809 752 870 788 est
901 758 931 788 v
954 750 1034 788 607
1070 749 1228 787 Heroid.
1249 757 1266 787 1
1287 750 1354 787 45.

12 811 331 858 usque—donec
367 812 429 847 est
459 809 627 847 Horatii.
777 805 861 846 259
895 816 1082 847 cm31L1A
1114 815 1246 847 SAxo.
1297 808 1356 846 ita

13 869 72 919 M,
110 868 214 918 quod
243 870 442 906 mutatum
474 868 525 906 ab
555 867 926 917 interpolator-ibus,
968 868 1061 916 quia
1090 879 1211 905 versu
1242 878 1356 916 supe-

13 928 118 966 riore
148 928 275 966 relicto
308 927 500 976 scriptum
530 926 717 965 viderunt
746 939 817 975 pro
849 938 907 976 eo,
940 925 1044 975 quod
1075 925 1247 975 restitui,
1281 933 1356 963 RE-

15 994 177 1026 LECTO.
225 986 353 1024 relicfo
376 989 495 1033 ponto
526 985 696 1024 ieiunius
722 987 784 1024 est
810 996 929 1034 quam
946 997 1018 1033 pro
1038 986 1169 1032 poeta.
1218 995 1357 1022 saxum

14 1045 196 1084 convenit
235 1052 399 1083 RxGmo
431 1046 544 1082 antro
575 1044 679 1093 quod
710 1046 751 1082 et
779 1044 913 1093 ipsum
942 1055 979 1082 v.
1002 1043 1083 1081 251
1118 1054 1165 1080 ex
1196 1042 1237 1080 M
1268 1055 1356 1091 pro-

15 1103 123 1141 duxi:
168 1104 342 1152 releyisse
378 1102 484 1152 quod
521 1102 682 1152 dicitur,
719 1103 849 1140 inesse
887 1099 926 1140 ei
962 1101 1086 1140 verbo
1128 1101 1356 1150 putaverim

14 1162 202 1200 indicium
238 1161 436 1211 quoddam
467 1161 699 1200 conciliatae
734 1173 806 1210 per
836 1159 1028 1198 Proteum
1059 1159 1279 1199 voluntatis
1312 1171 1358 1198 ac

15 1221 89 1259 fati
123 1221 166 1259 in
196 1220 366 1258 Thetide
402 1220 666 1270 reverentiam
706 1220 792 1269 ipse
822 1218 992 1257 Proteus
1030 1219 1227 1267 potiorem
1259 1218 1357 1256 divi-

14 1280 187 1318 nationis
210 1281 367 1328 partem
394 1279 640 1328 supprimere
664 1279 786 1317 visus.
906 1274 994 1315 294
1019 1277 1202 1315 FRATER
1226 1285 1357 1315 ERAT.

15 1339 240 1377 coniectura
259 1339 321 1376 est
338 1337 522 1387 Bentleii,
548 1337 677 1375 audax
703 1337 772 1375 sed
797 1336 1056 1375 admirabilis.
1104 1336 1197 1373 libri
1222 1348 1357 1374 omnes

15 1396 118 1436 Acer
151 1400 243 1435 erat.
300 1397 452 1445 sprevit
487 1408 657 1446 magnus
695 1396 856 1434 criticus
887 1407 967 1433 non
997 1394 1113 1433 modo
1144 1394 1357 1433 locutionis

16 1456 134 1494 huius
171 1455 410 1494 tenuitatem
447 1456 488 1493 et
523 1467 663 1494 versus
702 1454 970 1492 antecedentis
1011 1453 1256 1503 barbariem,
1289 1453 1359 1491 sed

17 1515 139 1553 etiam
169 1514 373 1564 perspexit
411 1525 514 1552 nexu
544 1513 653 1551 nullo
686 1525 784 1562 opus
817 1524 904 1551 esse
934 1513 1039 1550 inter
1071 1513 1153 1549 292
1188 1512 1229 1549 et
1261 1513 1358 1550 294.

16 1572 307 1612 immorandum
344 1573 379 1610 ei
423 1572 674 1621 cogitationi,
716 1571 883 1609 fratrem
918 1570 960 1608 in
996 1570 1183 1618 accipitre
1220 1570 1358 1620 latere,

17 1644 97 1671 non
127 1633 215 1670 erat
246 1630 382 1680 Ceyci:
414 1633 622 1669 aversatur
653 1630 750 1667 talia
780 1629 990 1667 humanior
1027 1640 1178 1667 sensus.
1238 1628 1358 1666 inter-

18 1690 231 1740 polatores,
261 1690 406 1728 vitiata
435 1690 574 1728 littera
598 1689 668 1726 illa
692 1688 839 1726 initiali
863 1687 1066 1736 admoniti,
1098 1686 1289 1736 quidquid
1309 1687 1359 1725 ad

19 1751 179 1798 captum
208 1749 417 1799 vulgarem
453 1749 494 1786 et
532 1748 699 1786 aliorum
734 1748 928 1796 locorum,
959 1747 1005 1784 ut
1035 1754 1066 1783 V
1087 1747 1189 1795 298,
1221 1745 1358 1784 simili-

20 1808 197 1853 tudinem
228 1807 377 1857 deerat,
407 1807 484 1845 etsi
513 1819 563 1845 ne
593 1806 763 1844 barbare
783 1805 941 1855 quidem
973 1804 1270 1854 suppleverunt,
1302 1805 1358 1842 in-

19 1867 215 1906 venerunt
243 1867 379 1904 tamen
408 1865 623 1904 novissime
648 1864 792 1903 mentis
819 1875 914 1902 suae
938 1863 1190 1911 interpretes.
1239 1863 1359 1901 etiam

19 1925 176 1964 Heinsii
201 1924 348 1963 subtile
372 1924 452 1962 fuit
475 1924 664 1962 iudicium
688 1924 730 1961 in
755 1921 1022 1962 confodiendis
1053 1935 1116 1960 vv.
1137 1923 1221 1960 299
1256 1922 1358 1960 300:

19 1984 127 2022 bella
145 1983 515 2033 commemorantur,
547 1995 622 2032 quo
643 1983 789 2021 rectius
810 1981 1072 2030 intelligatur,
1104 1991 1173 2018 cur
1191 1992 1360 2028 peregre

22 2042 178 2080 absenti
209 2041 355 2080 solacia
384 2041 597 2079 mittantur
627 2054 663 2080 v.
685 2042 780 2079 329.
919 2035 1003 2077 319
1036 2045 1360 2077 PROGENITORE

23 2108 238 2140 COMANTI.
289 2100 433 2138 retinui
469 2111 598 2138 meam
629 2099 929 2147 correctionem,
973 2097 1066 2146 quia
1102 2098 1248 2135 tonanti
1284 2097 1360 2134 ME

22 2160 64 2198 et
93 2159 300 2197 meliorum
330 2158 484 2196 Heinsii
521 2170 567 2196 eo
599 2158 724 2208 ducit3
761 2170 799 2194 m
831 2159 871 2194 et
900 2169 928 2194 n
965 2155 1102 2193 eodem
1141 2155 1287 2193 sicilico
1319 2155 1360 2193 in

21 2217 63 2255 M
83 2217 313 2267 saepissime
332 2217 542 2266 indicatur,
574 2225 623 2254 xl
646 2218 697 2255 63
731 2217 815 2254 448
852 2216 933 2253 567
969 2215 1052 2252 718
1097 2221 1165 2251 XII
1186 2215 1240 2252 96
1276 2215 1358 2252 163

25 2277 126 2326 284;
163 2276 256 2325 quia
285 2275 373 2324 ipsa
405 2275 532 2313 altera
564 2275 760 2324 scriptura
790 2274 940 2323 nitenti,
979 2283 1218 2322 quamquam
1248 2283 1359 2310 mera

23 2334 159 2385 glossa
193 2345 273 2372 non
309 2334 485 2383 videtur,
521 2333 571 2370 ad
603 2345 762 2371 sensum
794 2333 900 2370 certe
931 2331 1127 2370 collineat.
1188 2329 1362 2369 Luciferi

66 2402 173 2430 ovn).
188 2406 230 2431 11.
1061 2407 1080 2429 c
