1554 2563
139 77 226 119 244
363 88 534 112 CENTAURI
692 73 905 109 METAMM
920 101 928 110 .

258 188 489 238 Annuerat,
521 184 760 235 dederatque
793 196 942 238 super,
973 196 1023 223 ne
1055 185 1211 224 saucius
1245 184 1332 224 ullis

256 244 492 284 Vulneribus
525 244 610 282 fieri
642 244 794 282 ferrove
828 243 1062 282 occumbere
1095 249 1250 294 posset.

257 305 419 343 Munere
452 302 577 341 laetus
609 301 717 354 abit,
749 301 967 353 studiisque
999 301 1176 340 virilibus
1208 314 1345 341 aevum

258 363 388 413 Exigit
419 361 620 400 Atracides
639 392 651 413 ,
682 360 903 411 Peneiaque
936 372 1025 399 arva
1056 367 1257 412 per-errat.

171 430 238 461 210
317 421 489 459 Duxerat
519 419 786 471 Hippodamen
819 419 955 458 audaci
986 419 1118 458 Ixione
1150 426 1288 473 natus,

259 479 562 530 Nubigenasque
594 479 699 517 feros
730 479 868 528 positis
901 491 947 517 ex
980 478 1115 517 ordine
1149 480 1295 517 mensis

259 537 476 578 Arboribus
508 542 612 576 tecto
646 536 892 576 discumbere
924 538 1093 576 iusserat
1124 542 1259 576 antro.

259 597 463 636 Haemonii
494 607 681 648 proceres
713 595 903 648 aderant,
935 595 1140 634 aderamus
1173 601 1212 635 et
1242 597 1341 648 ipsi;

260 656 452 706 Festaque
485 655 647 693 confusa
678 653 887 693 resonabat
917 656 1023 705 regia
1055 653 1191 693 turba.

173 723 240 754 215
260 715 363 754 Ecce
396 719 541 753 canunt
572 713 822 764 Hymenaeon
841 745 852 765 ‚
885 719 923 752 et
953 713 1110 764 ignibus
1142 714 1239 752 atria
1271 713 1444 766 fumant,

262 773 475 823 Cinctaque
509 772 619 811 adest
649 773 757 822 virgo
791 777 960 810 matrum
992 784 1243 822 nuruumque
1277 777 1455 825 caterva,

260 833 484 882 Praesignis
516 831 612 869 facie
633 861 641 869 .
680 830 833 869 felicem
865 831 1033 870 diximus
1064 830 1128 869 illa

263 891 437 941 Coniuge
469 889 717 941 Pirithoum3
750 889 854 940 quod
884 902 1008 941 paene
1040 889 1249 928 fefellimus
1280 901 1418 929 omen.

261 950 357 988 Nam
390 948 462 988 tibi
479 980 491 1001 ,
523 960 727 987 saevorum
761 949 984 987 saevissime
1018 948 1327 1002 Centaurorum,

176 1016 242 1048 220
262 1008 408 1059 Euryte
428 1039 439 1061 ,
471 1019 588 1058 quam
619 1008 708 1046 vino
740 1012 878 1058 pectus
910 1013 989 1046 tam
1020 1009 1168 1058 virgine
1200 1008 1281 1046 visa

262 1067 413 1118 Ardet,
445 1071 484 1104 et
515 1065 685 1105 ebrietas
717 1067 912 1116 geminata
943 1065 1104 1105 libidine
1136 1071 1292 1117 regnat.

262 1125 448 1164 Protinus
481 1136 639 1163 eversae
672 1123 833 1163 turbant
864 1126 1038 1163 convivia
1070 1137 1252 1177 mensae,

263 1184 532 1234 Raptaturque
565 1184 686 1221 comis
718 1195 790 1234 per
820 1184 898 1222 vim
930 1195 1027 1222 nova
1059 1189 1180 1234 nupta
1210 1183 1439 1234 prehensis.

263 1242 437 1293 Eurytus
468 1241 738 1292 Hippodamen
757 1273 767 1293 ,
799 1241 862 1279 alii
882 1273 892 1293 ,
924 1254 1040 1292 quam
1073 1243 1239 1292 quisque
1271 1241 1487 1293 probabant

177 1308 244 1339 225
265 1302 342 1339 Aut
371 1305 583 1351 poterant,
615 1301 800 1352 rapiunt3
833 1305 1046 1351 captaeque
1079 1306 1163 1339 erat
1195 1300 1304 1339 urbis
1336 1302 1486 1352 imago.

263 1359 449 1398 Femineo
482 1357 650 1397 clamore
683 1364 794 1397 sonat
825 1358 963 1397 domus
983 1389 992 1397 .
1031 1360 1140 1397 ocius
1172 1371 1307 1398 omnes

266 1417 472 1468 Surgimus
490 1448 502 1469 ,
535 1422 574 1455 et
604 1418 754 1468 primus
787 1413 917 1467 “quae
949 1422 988 1456 te
1020 1417 1200 1456 vecordia
1217 1414 1244 1470 ,'
1276 1417 1453 1457 Theseus

265 1472 458 1528 ‘Euryte,
498 1474 629 1525 pulsat
640 1472 667 1527 ,’
712 1476 792 1527 ait,
825 1472 908 1526 ‘qui
939 1487 1001 1514 me
1032 1477 1184 1515 vivente
1216 1476 1384 1515 lacessas

179 1543 244 1574 229
265 1535 515 1587 Pirithoum,
547 1534 746 1585 violesque
780 1534 878 1572 duos
910 1535 1070 1585 ignarus
1101 1536 1140 1573 in
1173 1547 1251 1573 uno
1265 1531 1317 1573 ?''

178 1601 246 1632 232
266 1593 333 1632 Ille
365 1593 462 1631 nihil
494 1597 660 1632 contra:
691 1604 819 1643 neque
852 1594 956 1631 enim
988 1593 1199 1632 defendere
1231 1593 1359 1632 verbis

267 1651 374 1690 Talia
406 1652 506 1690 facta
537 1656 697 1702 potest:
729 1650 796 1690 sed
829 1651 992 1690 vindicis
1025 1664 1091 1690 ora
1123 1653 1318 1703 protervis

267 1710 492 1761 Insequitur
524 1710 732 1762 manibus,
764 1722 1032 1761 generosaque
1064 1718 1224 1762 pectora
1256 1710 1405 1761 pulsat.

179 1777 245 1808 235
266 1768 382 1807 Forte
415 1769 489 1807 fuit
519 1770 625 1807 iuxta
657 1769 778 1819 signis
810 1768 1032 1807 extantibus
1064 1781 1178 1820 asper

266 1827 461 1878 Antiquus
493 1833 651 1880 crater,
684 1839 801 1878 quem
832 1839 998 1878 surgens
1031 1829 1175 1866 vastior
1206 1829 1289 1878 ipse

269 1885 436 1924 Sustulit
467 1885 661 1938 Aegides,
693 1885 930 1936 adversaque
963 1887 1068 1924 misit
1099 1887 1138 1924 in
1170 1898 1261 1924 ora.

269 1943 478 1994 Sanguinis
509 1944 573 1982 ille
605 1943 740 1995 globos
771 1946 918 1995 pariter
945 1943 1231 1995 cerebrumque
1258 1956 1489 1996 merumque

270 2001 437 2041 Vulnere
470 2008 510 2041 et
540 2014 609 2041 ore
641 2015 801 2041 vomens
832 2002 983 2041 madida
1015 2004 1226 2053 resupinus
1258 2002 1403 2042 harena

182 2068 248 2099 240
270 2060 479 2099 Calcitrat.
519 2061 730 2100 ardescunt
761 2062 936 2112 germani
969 2061 1085 2099 caede
1118 2061 1379 2113 bimembres,

270 2119 534 2169 Certatimque
555 2132 690 2158 omnes
710 2132 788 2158 uno
809 2132 876 2158 ore
905 2116 1041 2158 “arma
1059 2150 1070 2171 ,
1096 2116 1232 2158 arma⁹²
1252 2120 1468 2170 loquuntur

273 2177 364 2216 Vina
397 2177 541 2216 dabant
573 2180 721 2216 animos
742 2209 750 2217 .
790 2184 829 2217 et
859 2179 983 2229 prima
1015 2178 1154 2229 pocula
1187 2190 1317 2229 pugna

270 2235 383 2274 Missa
416 2236 545 2275 volant
577 2237 812 2288 fragilesque
845 2237 959 2288 cadi,
990 2238 1178 2287 curvique
1211 2237 1380 2290 lebetes,

273 2292 349 2331 Res
381 2294 506 2345 epulis
539 2295 734 2345 quondam
753 2326 764 2347 ‚
796 2307 901 2334 nunc
937 2294 1039 2333 bello
1072 2301 1111 2333 et
1143 2295 1326 2334 caedibus
1359 2302 1489 2348 aptae.
