1554 2563
543 106 625 141 VIH
637 133 646 150 ,
673 110 859 141 662—735
874 132 881 140 .
968 117 1050 140 run,
1064 132 1072 139 .
1097 117 1220 140 BAuczs
1304 102 1385 144 169

160 216 229 256 llla
260 223 372 255 vetus
392 247 404 268 ‚
434 210 602 254 dom'inis
634 217 752 255 etiam
783 227 870 254 casa
902 227 1018 266 parva
1050 213 1203 254 duobus

75 284 142 316 ⁷00
161 274 337 314 Vertitur
367 275 408 313 in
440 274 659 326 templum:
689 275 820 313 furcas
852 273 1009 312 subiere
1042 273 1269 323 columnae,

163 333 356 373 Stramina
387 332 603 372 flavescunt
633 339 845 383 aurataque
877 338 980 371 tecta
1011 333 1217 383 videntur,

162 392 418 442 Caelataeque
450 392 555 430 sores
574 423 586 444 ‚
617 391 881 443 adopertaque
914 402 1109 430 marmore
1141 389 1281 429 tellus.

160 450 266 489 Talia
297 457 382 489 tum
413 449 563 501 placido
597 449 804 489 Saturnius
837 449 959 488 edidit
990 461 1082 488 ore:

163 506 318 548 “Dicite
337 540 349 561 ‚
380 510 482 547 iuste
515 520 636 548 senex
669 514 708 548 et
739 509 883 547 femina
915 509 1081 559 coniuge
1112 509 1216 547 iusto

75 575 142 608 705
164 567 285 619 Digna
305 599 316 620 ,
347 567 441 618 quid
473 568 616 618 optetis
636 564 677 606 .''
710 580 800 606 cum
830 566 1000 605 Baucide
1032 578 1155 617 pauca
1186 565 1365 615 locutus,

163 626 356 665 Iudicium
388 628 543 677 superis
575 627 702 677 aperit
733 637 940 665 commune
972 625 1200 664 Philemon:

164 682 292 723 “Esse
324 684 550 723 sacerdotes
582 684 822 736 delubraque
854 690 984 723 vestra
1015 685 1119 723 tueri

161 743 395 795 Poscimus3
428 749 467 782 et
498 744 682 794 quoniam
715 742 931 782 concordes
963 744 1114 794 egimus
1146 752 1292 792 annos,

164 802 327 841 Auferat
357 801 453 840 hora
485 801 584 841 duos
617 802 752 841 eadem
771 834 782 855 ,
813 814 886 841 nec
919 802 1096 852 coniugis
1128 811 1314 850 umquam

77 869 144 901 ‘110
165 860 286 900 Busta
318 872 427 899 meae
459 860 640 914 videam,
671 873 750 900 neu
782 863 856 900 sim
886 860 1140 899 tumulandus
1173 858 1219 897 ab
1252 854 1358 896 illa.''

164 918 261 958 Vota
292 918 389 958 fides
421 920 631 970 sequitur.
670 919 806 971 templi
838 919 960 958 tutela
992 919 1127 970 fuere,

165 977 297 1017 Donec
328 979 406 1016 vita
439 977 526 1016 data
561 984 622 1017 est
642 1009 650 1017 .
689 980 800 1017 annis
832 989 1005 1028 aevoque
1038 976 1156 1015 soluti

167 1039 268 1076 Ante
300 1036 444 1087 gradus
477 1049 609 1075 sacros
642 1049 732 1075 cum
764 1042 916 1075 starent
947 1037 1048 1074 sorte
1079 1035 1233 1085 locique

163 1095 361 1134 Navarent
390 1107 504 1134 curas
524 1127 535 1147 ,
566 1096 750 1135 frondere
781 1095 1008 1134 Philemona
1039 1093 1203 1144 Baucis,
1233 1101 1262 1127 f.
1281 1100 1387 1125 cxxxi-

80 1161 146 1193 715
166 1153 336 1193 Baucida
369 1156 574 1205 conspexit
605 1156 735 1193 senior
767 1153 951 1192 frondere
982 1152 1210 1191 Philemon.

169 1212 328 1263 lamque
362 1224 481 1264 super
513 1214 689 1263 geminos
722 1218 926 1251 crescente
958 1213 1160 1250 cacumine
1192 1209 1322 1249 vultus

165 1271 298 1311 Mutua
316 1302 328 1323 ,
359 1271 452 1310 dum
483 1271 623 1322 licuit,
654 1270 871 1310 reddebant
902 1270 1005 1309 dicta
1037 1265 1166 1308 “vale'
1199 1280 1275 1319 que

169 1327 217 1368 ‘0
250 1326 452 1368 coniunx’'
485 1329 619 1369 dixere
652 1329 798 1382 simul,
830 1329 947 1368 simul
978 1328 1107 1367 abdita
1138 1329 1236 1366 texit

167 1388 244 1427 Ora
275 1388 406 1427 frutex
426 1419 435 1427 .
473 1388 645 1427 ostendit
675 1388 802 1427 adhuc
835 1387 1039 1439 Cibyreius
1070 1386 1148 1425 illic

80 1446 296 1487 7201ncola
327 1447 375 1485 de
408 1448 562 1498 gemino
594 1448 744 1486 vicinos
775 1458 940 1497 corpore
974 1452 1158 1485 truncos.

166 1505 272 1544 Haec
302 1505 398 1544 mihi
430 1517 510 1544 non
541 1506 658 1557 vani,
689 1517 817 1555 neque
850 1510 935 1543 erat
966 1516 1036 1543 cur
1063 1503 1197 1542 fallere
1229 1501 1395 1553 vellent,

167 1564 385 1603 Narravere
417 1575 532 1603 senes
553 1594 562 1602 .
600 1563 783 1614 equidem
814 1563 1025 1614 pendentia
1056 1561 1135 1600 vidi

170 1622 283 1661 Serta
315 1634 435 1674 super
467 1634 597 1661 ramos
616 1654 627 1674 ‚
658 1633 888 1673 ponensque
921 1622 1095 1660 recentia
1128 1619 1207 1659 dixi

169 1678 303 1720 “Cura
334 1683 390 1732 pii
421 1681 481 1720 dis
513 1687 635 1733 sunt,
667 1686 706 1719 et
738 1682 804 1731 qui
836 1680 994 1719 coluere
1013 1711 1025 1732 ‚
1058 1678 1241 1718 coluntur
1255 1674 1312 1717 .’''

84 1747 150 1780 ‘125
230 1739 439 1792 Desierat3
471 1745 714 1790 cunctosque
746 1744 786 1778 et
816 1751 881 1778 res
912 1745 953 1777 et
984 1744 1158 1777 moverat
1189 1742 1348 1776 auctor:

171 1797 324 1837 Thesea
355 1799 596 1850 praecipue.
635 1809 752 1849 quem
784 1798 884 1836 facta
916 1797 1051 1836 audire
1082 1796 1279 1835 volentem

168 1856 265 1895 Mira
297 1856 415 1896 deum
433 1888 444 1909 ,
475 1858 632 1896 innixus
665 1855 797 1895 cubito
830 1855 1063 1907 Calydonius
1095 1857 1219 1894 amnis

168 1914 329 1954 Talibus
362 1915 602 1966 alloquitur:
635 1912 743 1954 ‘sunt
760 1946 772 1967 ,
803 1927 825 1952 o
858 1915 1071 1953 fortissime
1090 1944 1101 1966 ‚
1133 1925 1302 1964 quorum

170 1973 309 2012 Forma
342 1974 463 2013 semel
494 1980 598 2013 mota
619 1980 708 2026 est,
739 1979 778 2012 et
808 1974 849 2011 in
869 1972 943 2011 hoc
962 1973 1213 2011 renovamine
1233 1972 1398 2022 mansit;

85 2040 152 2072 730
173 2032 304 2085 Sunt,
336 2032 479 2084 quibus
510 2034 551 2071 in
582 2032 716 2084 plures
742 2033 804 2071 ius
836 2037 898 2070 est
928 2031 1096 2070 transire
1116 2030 1297 2082 -figuras,

170 2089 221 2130 Ut
251 2090 323 2130 tibi
341 2122 353 2143 ,
384 2090 577 2143 complexi
607 2096 754 2130 terram
786 2091 904 2129 maris
935 2088 1085 2141 incola,
1116 2088 1285 2127 Proteu.

170 2148 268 2188 Nam
287 2149 402 2188 modo
422 2155 461 2189 te
481 2151 686 2203 iuvenem,
706 2148 821 2187 modo
841 2154 879 2187 te
900 2147 1032 2186 videre
1052 2147 1398 2199 leonem31.cxxxss.

171 2207 284 2247 Nunc
315 2207 508 2248 violentus
536 2220 629 2259 aper
648 2239 659 2260 ,
691 2220 795 2246 nunc
813 2239 824 2258 ‚
857 2218 974 2258 quem
993 2207 1169 2257 tetigisse
1189 2207 1397 2258 timerent,

173 2267 322 2317 Anguis
354 2278 471 2319 eras3
502 2267 617 2306 modo
650 2273 688 2305 te
721 2264 914 2304 faciebant
945 2276 1093 2304 cornua
1123 2270 1303 2304 taurum:

86 2331 153 2364 735
175 2324 300 2377 Saepe
331 2324 429 2377 lapis
460 2331 617 2377 poteras
637 2356 648 2377 ,
679 2323 796 2363 arbor
828 2335 985 2376 quoque
1017 2335 1132 2375 saepe
1164 2324 1309 2363 videri:
