1554 2563
148 87 230 130 164
338 98 579 121 exanimor-ines
697 84 909 119 METAMM
923 111 932 121 .

262 197 381 247 quue
414 208 485 247 ego
518 207 630 247 passa
662 193 814 234 sorem!
847 196 977 233 vixisti
1009 206 1172 233 munere
1205 201 1366 248 nostr-03

261 255 374 294 Nunc
405 255 545 293 merito
576 255 745 293 moriere
779 259 874 293 tuo.
912 264 1006 304 cape
1037 254 1208 304 praemia
1240 254 1354 306 facti,

262 314 404 364 Bisque
437 313 594 365 datam,
625 313 796 364 primum
827 317 973 364 partu,
1004 323 1093 350 mox
1125 313 1256 363 stipite
1289 318 1424 365 rapto,

173 381 240 413 505
261 371 394 411 Redde
426 373 592 410 animam
612 401 621 409 .
655 369 732 421 [vel
764 383 825 409 me
860 371 1042 409 fraternis
1074 370 1170 409 adde
1202 370 1422 422 sepulchris
1436 370 1464 421 .]

261 431 310 470 Et
330 431 445 482 cupio
466 437 504 469 et
524 441 676 480 nequeo
692 461 700 468 .
727 430 819 480 quid
841 441 950 480 agam
963 426 985 467 *Ρ
1004 428 1118 467 modo
1138 429 1299 468 vulnera
1319 430 1482 470 fratrum

261 491 359 528 Ante
392 488 526 528 oculos
557 488 652 526 mihi
684 493 777 526 sunt
807 494 847 527 et
879 494 1006 526 tantae
1040 487 1168 526 caedis
1199 489 1349 539 imago:

262 548 374 587 Nunc
406 549 577 586 animum
607 548 731 598 pietas
763 552 1017 598 maternaque
1049 547 1207 585 nomina
1238 547 1424 591 frangunt

261 607 321 645 Me
354 604 566 645 miseram!
599 605 697 644 male
730 606 922 658 vincetis,
955 604 1023 644 sed
1055 606 1197 644 vincite
1216 636 1228 658 ‚
1260 606 1425 646 fratres:

173 673 242 705 510
263 664 499 716 [Dummodo
533 676 630 715 quae
663 664 808 702 dedero
840 663 948 702 vobis
981 663 1151 717 solacia,
1183 663 1348 715 vosque]

260 724 346 775 lpsa
379 735 522 774 sequar
541 720 566 761 .'
599 722 724 775 dixit,
756 722 972 774 dextraque
1004 734 1139 761 aversa
1169 724 1355 762 trementi

260 782 486 821 Funereum
517 788 666 821 torrem
699 781 846 820 medios
879 782 1047 820 coniecit
1078 782 1118 819 in
1150 782 1283 832 ignes.

261 842 339 880 Aut
370 841 504 892 dedit,
536 846 603 879 aut
633 841 740 878 visus
771 841 939 891 gemitus
972 845 1033 878 est
1063 839 1126 878 ille
1159 839 1314 878 dedisse

265 899 425 952 Stipes,
455 905 500 938 ut
530 900 662 937 invitis
695 904 900 949 correptus
933 897 979 936 ab
1012 897 1169 949 ignibus
1201 900 1318 938 arsit.

173 966 240 997 515
261 958 412 997 Inscius
439 963 555 1008 atque
588 956 728 996 absens
761 956 912 996 flamma
943 956 1157 1007 Meleagros
1189 955 1237 995 ab
1268 956 1332 996 illa

261 1016 427 1069 Uritur,
460 1022 499 1055 et
531 1017 656 1054 caecis
689 1017 834 1054 torreri
864 1017 1014 1054 viscera
1046 1017 1166 1054 sentit

261 1075 421 1126 Ignibus
440 1107 451 1127 ,
483 1087 527 1113 ac
559 1086 719 1125 magnos
752 1080 912 1125 superat
942 1076 1086 1113 virtute
1118 1074 1296 1113 dolores.

263 1133 374 1179 Quod
408 1139 538 1172 tamen
569 1134 706 1183 ignavo
740 1133 851 1171 cadat
882 1138 921 1171 et
952 1134 1036 1171 sine
1068 1134 1256 1183 sanguine
1289 1133 1389 1186 leto,

260 1192 408 1230 Maeret
426 1223 437 1244 ,
469 1198 508 1230 et
538 1192 681 1229 Ancaei
713 1191 838 1230 felicia
871 1191 1030 1230 vulnera
1061 1191 1178 1230 dicit:

175 1258 241 1290 520
262 1250 609 1300 Grandaevumque
641 1256 792 1300 patrem
823 1250 1044 1300 fratresque
1075 1251 1236 1300 piasque
1269 1262 1425 1289 sorores

263 1308 361 1348 Cum
392 1310 539 1359 gemitu
571 1310 794 1359 sociamque
826 1309 902 1346 tori
932 1313 1045 1346 vocat
1075 1320 1142 1346 ore
1175 1320 1383 1361 supremo,

260 1367 441 1406 Forsitan
473 1372 512 1405 et
542 1373 708 1405 matrem
727 1397 735 1404 .
775 1371 960 1405 crescunt
989 1367 1170 1417 ign1sque
1201 1366 1416 1419 dolorque,

262 1425 617 1476 Languescuntque
637 1426 782 1463 iterum
801 1438 811 1464 ε
842 1424 958 1463 simul
990 1431 1050 1463 est
1076 1426 1272 1464 extinctus
1293 1432 1483 1478 uterque,

260 1484 383 1535 Inque
416 1484 520 1522 leves
552 1483 646 1522 abiit
676 1482 861 1534 paulatim
893 1484 1056 1534 spiritus
1088 1495 1202 1522 auras

175 1551 242 1582 525
263 1542 455 1581 Paulatim
488 1554 582 1580 cana
614 1553 780 1593 prunam
811 1541 961 1580 velante
989 1541 1142 1581 favilla.

261 1601 347 1640 Alta
378 1602 479 1639 iacet
511 1599 710 1651 Calydon:
740 1600 877 1651 lugent
907 1601 1147 1651 iuvenesque
1179 1612 1396 1653 senesque,

260 1659 486 1710 Vulgusque
517 1670 783 1710 proceresque
815 1664 1006 1711 gemunt,
1037 1660 1261 1710 scissaeque
1296 1659 1454 1712 capillos

260 1717 504 1768 Planguntur
536 1722 681 1756 matres
714 1716 968 1768 Calydonides
1000 1716 1223 1757 Eueninae.

260 1776 426 1815 Pulvere
459 1777 643 1814 canitiem
674 1777 828 1826 genitor
858 1775 1067 1826 vultusque
1100 1776 1243 1815 seniles

173 1843 241 1874 530
261 1833 407 1873 Foedat
437 1834 546 1873 humi
578 1834 689 1873 fusus
706 1865 718 1885 ‚
749 1835 1042 1885 spatiosumque
1075 1835 1252 1886 increpat
1282 1847 1440 1875 aevum.

261 1893 358 1932 Nam
390 1892 437 1931 de
469 1898 593 1931 matre
626 1904 763 1931 manus
795 1892 871 1931 diri
901 1891 975 1931 sibi
1007 1894 1163 1931 conscia
1195 1893 1287 1932 sacti

261 1951 401 2002 Exegit
432 1963 578 2002 poenas
610 1956 695 1989 acto
726 1962 799 2002 per
830 1951 979 1989 viscera
1011 1951 1141 1990 ferro.

261 2009 347 2048 Non
380 2009 474 2047 mihi
506 2011 540 2048 si
571 2015 729 2048 centum
760 2009 857 2048 deus
888 2021 955 2047 ora
987 2010 1163 2047 sonantia
1194 2009 1337 2060 linguis

260 2067 544 2119 Ingeniumque
576 2080 695 2119 capax
726 2073 930 2118 totumque
962 2066 1146 2105 Helicona
1178 2067 1372 2122 dedisset,

177 2133 241 2166 535
267 2126 411 2165 Tristia
443 2138 706 2177 persequerer
737 2127 970 2164 miserarum
1002 2138 1094 2164 voce
1128 2138 1331 2166 sororum.

261 2184 502 2223 Inmemores
534 2185 687 2223 decoris
718 2183 875 2223 liventia
906 2190 1065 2235 pectora
1097 2184 1289 2237 tundunt3

261 2242 440 2283 Dumque
461 2249 592 2281 manet
613 2255 756 2295 corpus
775 2274 786 2295 ,
812 2255 955 2293 corpus
976 2244 1230 2293 refoventque
1251 2244 1482 2295 foventque,

263 2300 404 2339 Oscula
436 2301 528 2340 dant
558 2302 663 2353 ipsi,
693 2302 820 2352 posito
850 2301 946 2340 dant
978 2301 1110 2340 oscula
1141 2301 1274 2341 lecto:
