1554 2563
579 101 648 138 v11
665 130 673 146 ,
702 106 888 139 706-780
903 130 911 138 .
1032 116 1207 140 cernuos
1337 104 1418 146 147

194 210 262 250 lna
293 211 417 251 nihil.
456 213 575 252 tacito
607 213 879 253 tantummodo
911 215 1011 253 victa
1045 214 1194 266 pudore

193 270 382 310 Insidiosa
414 271 514 310 malo
547 283 637 311 cum
669 273 834 324 coniuge
866 272 999 312 limina
1031 274 1154 326 sugit3

107 337 172 368 745
194 329 429 381 offensaque
462 331 540 369 mei
571 342 695 382 genus
727 343 843 370 omne
874 343 1016 383 perosa
1048 334 1223 372 virorum

193 387 390 428 Montibus
422 388 607 442 errabat,
639 389 780 429 studiis
813 396 971 442 ope-rata
1002 390 1170 430 Dianae.

192 447 292 486 Tum
325 447 420 486 mihi
451 447 609 487 deserto
641 448 850 488 violentior
880 451 982 500 ignis
1015 449 1061 488 ad
1095 462 1181 489 ossa

193 506 404 545 Pervenit.
442 506 600 546 orabam
632 509 784 546 veniam
816 513 856 547 et
886 520 1069 559 peccasse
1103 508 1276 561 fatebar,

192 564 241 603 Et
271 566 448 616 potuisse
479 565 580 604 datis
612 566 728 606 simili
761 566 1020 606 succumbere
1053 567 1189 619 culpae

105 630 171 662 750
191 624 251 662 Me
285 636 440 675 quoque
473 624 734 678 muneribus,
766 627 800 665 si
831 638 993 665 munera
1026 632 1133 665 tanta
1165 626 1373 665 darentur.

192 682 296 722 Haec
327 682 423 722 mihi
456 684 636 723 confesso
656 716 667 737 ,
698 683 848 724 laesum
879 686 990 736 prius
1022 685 1103 723 ulta
1134 684 1350 736 pudorem,

194 741 414 795 Redditur,
445 748 485 781 et
515 742 651 782 dulces
678 743 927 783 concorditer
960 745 1079 795 exigit
1111 755 1256 783 annos.

192 800 264 839 Dat
295 801 388 839 mihi
420 807 625 852 praeterea
643 833 654 855 ,
686 808 884 853 tamquam
918 815 959 841 se
991 814 1109 854 parva
1140 802 1313 842 dedisset

193 859 300 898 Dona
319 891 331 913 ‚
363 872 500 899 canem
532 872 676 900 munus
696 892 707 913 ,
738 873 856 912 quem
879 873 978 907 ¹cum
1011 873 1080 900 sua
1113 861 1288 901 traderet
1317 861 1372 901 illi

106 925 170 956 755
194 918 356 970 Cynthia
376 950 387 972 ,
419 915 648 958 “currendo
680 917 898 971 superabit'
930 920 1082 959 dixerat
1114 916 1321 959 ‘omnes.”

192 977 263 1016 Dat
278 978 394 1016 simul
413 984 453 1017 et
471 978 666 1031 iaculum,
684 978 865 1018 manibus
887 978 1014 1031 quod,
1036 980 1189 1031 cernis,
1210 978 1418 1019 habemus.

192 1036 366 1075 Muneris
398 1036 560 1076 alterius
592 1049 692 1089 quae
724 1039 775 1077 sit
806 1038 993 1090 fortuna,
1025 1035 1231 1089 requiris?

194 1096 337 1146 Accipe
371 1095 621 1148 mirandum;
653 1098 823 1135 novitate
856 1095 1063 1135 movebere
1096 1097 1212 1136 facti.

253 1153 433 1193 Carmina
464 1153 627 1194 Laiades
659 1167 737 1194 non
769 1155 966 1195 intellecta
998 1156 1177 1207 priorum

105 1220 172 1251 760
194 1212 370 1252 Solverat
400 1214 568 1264 ingeniis
586 1245 598 1266 ‚
630 1219 670 1253 et
699 1216 952 1265 praecipitata
984 1213 1137 1253 iacebat

191 1271 388 1311 Inmemor
420 1271 626 1324 ambagum
657 1279 764 1312 vates
796 1272 964 1312 obscura
997 1284 1182 1312 suarum.

106 1338 171 1369 763
193 1330 379 1370 Protinus
411 1331 544 1370 Aoniis
576 1333 789 1371 inmittitur
821 1331 939 1371 altera
972 1331 1119 1371 Thebis

192 1389 319 1429 Pestis
339 1421 350 1442 ,
381 1396 422 1429 et
452 1391 571 1429 exitio
603 1390 716 1430 multi
746 1403 1017 1443 pecorumque
1049 1402 1201 1442 suoque

105 1456 171 1486 765
193 1447 414 1498 Rurigenae
445 1461 587 1500 pavere
619 1450 770 1488 feram.
809 1451 935 1488 vicina
965 1451 1148 1488 iuventus

194 1506 380 1546 Venimus
412 1513 453 1546 et
482 1507 581 1547 latos
612 1507 795 1559 indagine
827 1509 1022 1547 cinximus
1054 1519 1189 1559 agros.

193 1565 260 1605 1113
293 1566 366 1605 levi
397 1565 508 1605 velox
540 1566 752 1617 superabat
782 1568 881 1606 retia
913 1566 1038 1618 saltu,

195 1624 433 1676 Summaque
464 1624 657 1664 transibat
687 1626 906 1676 positarum
936 1624 1013 1664 lina
1045 1624 1270 1677 plagarum.

193 1682 340 1735 Copula
372 1683 593 1723 detrahitur
625 1683 816 1736 canibus,
848 1695 944 1735 quas
976 1683 1039 1723 illa
1071 1691 1282 1735 sequentes

107 1750 174 1782 770
196 1742 341 1794 Effugit
373 1748 413 1782 et
444 1742 564 1781 celeri
595 1755 673 1781 non
706 1744 864 1793 segnior
897 1742 986 1781 alite
1018 1742 1139 1781 ludit.

193 1801 340 1841 Poscor
371 1807 412 1841 et
441 1803 525 1853 ipse
558 1813 689 1841 meum
724 1813 920 1840 consensu
952 1800 1116 1853 Laelapa
1147 1814 1309 1853 magno:

192 1860 367 1899 Muneris
398 1859 473 1899 hoc
505 1872 677 1899 nomen.
716 1859 929 1899 iandudum
961 1860 1113 1899 vincula
1144 1867 1292 1912 pugnat

192 1918 347 1958 Exuere
378 1921 462 1971 ipse
496 1918 570 1958 sibi
589 1951 600 1971 ‚
632 1918 810 1969 colloque
842 1920 1034 1957 morantia
1066 1919 1214 1957 tendit.

193 1977 261 2016 Vix
295 1977 394 2016 bene
420 1979 565 2017 missus
585 1984 669 2017 erat
687 2009 697 2029 ,
729 1989 802 2016 nec
823 1979 898 2015 iam
918 1983 1145 2028 poteramus
1163 2008 1174 2029 ,
1206 1976 1273 2016 ubi
1294 1983 1423 2030 esset,

106 2042 173 2075 775
195 2036 334 2076 Scire:
365 2035 511 2088 pedum
542 2036 691 2075 calidus
723 2037 882 2087 vestigia
914 2035 1040 2087 pulvis
1073 2034 1265 2088 habebat,

193 2095 280 2146 Ipse
313 2095 437 2134 oculis
470 2102 631 2147 ereptus
663 2101 775 2134 erat.
814 2106 891 2133 non
926 2095 1034 2133 ocior
1066 2094 1131 2132 illo

194 2153 312 2193 Hasta
344 2165 418 2192 nec
449 2161 589 2192 exutae
622 2158 802 2193 contorto
835 2151 998 2191 verbere
1032 2152 1216 2204 glandes,

193 2211 274 2252 Nec
307 2211 539 2262 Gortyniaco
572 2212 742 2251 calamus
775 2211 869 2250 levis
901 2213 982 2250 exit
1012 2211 1059 2250 ab
1092 2223 1209 2251 arcu.

195 2270 312 2311 Collis
345 2282 440 2322 apex
474 2271 592 2310 medii
625 2270 812 2310 subiectis
844 2271 1025 2308 imminet
1055 2271 1181 2309 arvis:

109 2335 175 2368 780
195 2329 327 2369 Tollor
359 2341 405 2368 eo
425 2360 436 2382 ,
468 2331 658 2381 capioque
690 2331 780 2368 novi
813 2328 1034 2380 spectacula
1068 2340 1234 2380 cursus,

1068 2394 1137 2430 10*
