1554 2563
127 107 207 148 148
367 118 507 141 PRocms
675 105 888 139 METAMM
900 131 909 141 .

242 217 327 262 Quo
361 216 474 254 modo
509 214 728 268 deprendi,
760 214 875 255 modo
908 228 950 254 se
982 215 1203 256 subducere
1236 216 1283 256 ab
1314 218 1400 269 ipso

243 275 411 314 Vulnere
444 276 525 313 visa
556 275 638 313 fera
669 280 757 314 est.
795 286 869 314 nec
900 273 1022 313 limite
1055 275 1190 314 callida
1221 281 1330 315 recto

242 335 285 373 111
317 335 565 385 spatiumque
597 333 698 385 sugit
715 365 727 386 ,
758 333 827 372 sed
860 333 1006 385 decipit
1036 345 1103 372 ora
1135 336 1336 385 sequentis

242 393 292 432 Et
323 392 425 432 redit
456 394 496 431 in
528 403 697 445 gyrum,
729 404 778 430 ne
811 393 862 431 sit
893 404 989 431 suus
1020 393 1190 444 impetus
1221 392 1347 432 hosti.

155 460 219 491 785
242 452 424 490 Imminet
454 450 547 503 hic,
580 452 839 501 sequiturque
871 462 1035 503 parem,
1067 451 1284 502 similisque
1316 453 1465 490 tenenti

241 510 327 549 Non
360 516 468 549 tenet
500 516 539 549 et
570 521 688 548 vanos
721 515 879 549 exercet
909 511 949 548 in
982 513 1071 549 aera
1103 521 1282 549 morsus.

243 569 299 608 Ad
332 569 447 608 iaculi
480 568 661 607 vertebar
692 580 807 620 opem
827 600 836 607 .
875 568 979 619 quod
1013 569 1172 607 dextera
1204 568 1320 607 librat

242 628 341 667 Dum
376 640 459 666 mea
479 659 490 679 ‚
521 627 614 666 dum
647 627 788 678 digitos
819 629 984 666 amentis
1016 626 1159 665 addere
1190 633 1361 679 tempto,

242 687 407 726 Lumina
438 686 608 725 dessexi:
640 691 896 737 revocataque
929 698 1068 725 rursus
1100 685 1238 725 eodem

155 755 221 786 790
242 746 515 785 Rettuleram:
548 744 675 784 medio
695 776 706 796 ‚
738 746 881 784 mirum
902 744 910 784 !
943 744 1020 783 duo
1052 756 1246 784 marmora
1317 754 1343 779 r.
1365 755 1465 779 ‹mxu-

1155 816 1289 855 campo

243 865 428 915 Aspici03
462 864 597 914 fugere
629 862 703 901 hoc
722 894 732 914 ‚
765 862 858 901 illud
891 862 1033 901 latrare
1065 868 1247 913 putares.

244 922 403 961 Scilicet
433 923 600 960 invictos
633 921 745 960 ambo
779 923 993 960 certamine
1026 934 1167 960 cursus

244 982 340 1020 Esse
372 981 470 1019 deus
501 980 653 1032 voluit,
685 981 809 1031 siquis
841 980 938 1019 deus
971 981 1080 1019 affuit
1110 979 1187 1019 illis
1201 976 1225 1018 .’

245 1040 466 1092 Hactenus,
492 1045 532 1078 et
551 1041 673 1078 tacuit
692 1070 700 1078 .
734 1036 875 1077 ‘iaculo
897 1039 1000 1090 quod
1022 1040 1171 1078 crimen
1191 1040 1230 1077 in
1251 1040 1336 1090 ipso
1357 1045 1417 1078 est
1430 1037 1466 1078 P’

156 1108 221 1138 595
244 1099 399 1137 Phocus
431 1100 512 1137 ait.
550 1098 667 1136 iaculi
699 1099 755 1137 sic
788 1099 951 1137 crimina
982 1097 1154 1137 reddidit
1184 1097 1271 1136 ille.

301 1154 464 1196 ‘Gaudia
495 1158 734 1208 principium
766 1158 892 1195 nostri
923 1162 1045 1209 sunt,
1075 1155 1206 1195 Phoce
1225 1188 1237 1208 ,
1268 1156 1438 1196 doloris:

243 1216 309 1255 Illa
341 1217 451 1267 prius
484 1216 652 1254 referam
672 1246 681 1254 .
720 1216 825 1254 iuvat
856 1227 878 1252 o
912 1216 1137 1254 meminisse
1164 1215 1268 1254 beati

243 1275 448 1326 Temporis
467 1305 478 1326 ,
509 1274 673 1312 Aeacida
692 1305 702 1325 ,
735 1285 812 1324 quo
839 1275 986 1325 primos
1018 1275 1093 1313 rite
1125 1286 1196 1325 per
1228 1285 1349 1312 annos

245 1333 419 1384 Coniuge
452 1344 558 1371 eram
592 1332 681 1370 felix
701 1364 712 1384 ,
745 1332 835 1370 felix
869 1338 954 1371 erat
983 1332 1047 1371 illa
1079 1334 1242 1371 marito.

157 1401 224 1432 800
244 1392 379 1431 Mutua
411 1403 506 1430 cura
538 1391 636 1429 duos
670 1396 708 1429 et
739 1402 848 1429 amor
880 1390 1034 1429 socialis
1066 1390 1255 1430 habebat.

244 1451 324 1489 Nec
357 1449 457 1488 lovis
489 1449 552 1488 illa
585 1461 670 1487 meo
703 1448 892 1488 thalamos
923 1450 1143 1500 praeferret
1174 1451 1320 1502 amori,

244 1509 324 1548 Nec
344 1541 354 1560 ,
387 1521 447 1546 me
482 1520 579 1559 quae
612 1514 800 1559 caperet,
832 1520 910 1547 non
943 1509 976 1546 si
1010 1507 1138 1547 Venus
1176 1510 1259 1559 ipsa
1292 1509 1468 1561 veniret,

245 1567 327 1606 Ulla
361 1572 471 1606 erat.
510 1566 691 1617 aequales
725 1566 891 1605 urebant
921 1572 1080 1618 pectora
1112 1566 1311 1606 flammae.

246 1626 335 1665 Sole
369 1626 450 1664 fere
483 1625 602 1664 radiis
635 1625 800 1664 feriente
833 1627 1035 1664 cacumina
1065 1627 1203 1677 primis

158 1694 224 1725 805
244 1685 436 1723 Venatum
467 1685 507 1722 in
540 1684 654 1722 silvas
685 1683 917 1722 iuvenaliter
948 1685 1006 1722 ire
1038 1684 1233 1736 solebam3

245 1743 325 1782 Nec
358 1755 512 1781 mecum
545 1742 710 1781 famulos
742 1754 815 1781 nec
847 1754 969 1793 equos
1001 1753 1074 1781 nec
1106 1742 1267 1781 naribus
1299 1755 1410 1782 acres

248 1802 308 1840 Ire
343 1814 458 1840 canes
478 1833 488 1852 ‚
521 1813 593 1839 nec
625 1801 702 1839 lina
735 1802 847 1851 sequi
880 1800 1026 1839 nodosa
1058 1801 1257 1841 sinebam:

245 1860 372 1899 Tutus
405 1872 511 1898 eram
543 1859 698 1899 iaculo.
737 1859 805 1898 sed
831 1871 921 1898 cum
953 1861 1088 1898 satiata
1121 1861 1268 1899 ferinae

247 1919 412 1957 Dextera
444 1917 572 1957 caedis
606 1923 719 1970 erat,
750 1917 975 1968 repetebam
1008 1918 1131 1969 frigus
1163 1924 1202 1957 et
1233 1917 1391 1957 umbras

158 1986 225 2016 810
246 1977 295 2016 Et
327 1989 427 2028 quae
459 1976 507 2015 de
539 1976 676 2027 gelidis
709 1976 862 2015 exhalat
892 1975 1055 2015 vallibus
1074 2008 1085 2028 ,
1116 1988 1273 2016 auram.

247 2037 350 2074 Aura
381 2035 588 2086 petebatur
621 2035 747 2073 medio
781 2035 874 2073 mihi
905 2034 1003 2073 lenis
1034 2036 1074 2073 in
1107 2041 1240 2087 aestu,

247 2096 391 2133 Auram
423 2093 704 2145 expectabam3
735 2095 894 2144 requies
926 2098 1009 2131 erat
1040 2092 1104 2131 illa
1135 2093 1280 2132 labori.

249 2149 429 2203 “Aura‚'
463 2152 650 2190 recordor
689 2153 821 2204 enim,
854 2148 1000 2190 ‘venias
1018 2148 1045 2203 ,⁹
1078 2158 1236 2191 cantare
1274 2151 1468 2204 solebam,

248 2207 404 2261 ‘Meque
435 2211 544 2249 iuves
563 2241 574 2261 ,
607 2211 808 2261 intresque
841 2211 949 2248 sinus
968 2241 979 2261 ,
1010 2212 1259 2263 gratissima,
1289 2217 1468 2262 nostros3

161 2276 227 2308 815
248 2268 377 2319 thue
399 2269 492 2307 sacis
513 2300 523 2320 ,
555 2268 729 2306 relevare
749 2268 844 2306 velis
862 2298 874 2319 ,
906 2267 1048 2318 quibus
1068 2270 1221 2308 urimur
1239 2300 1251 2321 ,
1283 2275 1412 2308 aestus
1429 2266 1468 2306 .''

248 2326 426 2365 Forsitan
459 2326 674 2364 addiderim
695 2347 749 2353 —
771 2328 827 2365 sic
859 2338 920 2364 me
953 2338 1037 2365 mea
1070 2327 1144 2365 fata
1177 2327 1382 2366 trahebant
1416 2349 1465 2355 -——
