<?xml version="1.0" encoding="UTF-8"?>
<!DOCTYPE html PUBLIC "-//W3C//DTD XHTML 1.0 Transitional//EN"
    "http://www.w3.org/TR/xhtml1/DTD/xhtml1-transitional.dtd">
<html xmlns="http://www.w3.org/1999/xhtml" xml:lang="en" lang="en">
 <head>
  <title>
</title>
<meta http-equiv="Content-Type" content="text/html;charset=utf-8" />
  <meta name='ocr-system' content='tesseract 3.04.00' />
  <meta name='ocr-capabilities' content='ocr_page ocr_carea ocr_par ocr_line ocrx_word'/>
</head>
<body>
  <div class='ocr_page' id='page_1' title='image "./operaovid02oviduoft_0137.png"; bbox 0 0 1554 2563; ppageno 0'>
   <div class='ocr_carea' id='block_1_1' title="bbox 634 114 1452 158">
    <p class='ocr_par' dir='ltr' id='par_1_1' title="bbox 634 114 1452 158">
     <span class='ocr_line' id='line_1_1' title="bbox 634 114 1452 158; baseline -0.001 -10"><span class='ocrx_word' id='word_1_1' title='bbox 634 114 688 149; x_wconf 87' lang='lat' dir='ltr'>IV</span> <span class='ocrx_word' id='word_1_2' title='bbox 702 141 712 158; x_wconf 94' lang='lat'>,</span> <span class='ocrx_word' id='word_1_3' title='bbox 741 116 925 149; x_wconf 81' lang='lat'>135—208</span> <span class='ocrx_word' id='word_1_4' title='bbox 941 140 949 149; x_wconf 88' lang='lat'>.</span> <span class='ocrx_word' id='word_1_5' title='bbox 1050 126 1156 148; x_wconf 68' lang='lat' dir='ltr'>ms.</span> <span class='ocrx_word' id='word_1_6' title='bbox 1184 126 1291 148; x_wconf 68' lang='lat' dir='ltr'>vexus</span> <span class='ocrx_word' id='word_1_7' title='bbox 1401 115 1452 153; x_wconf 73' lang='lat'>‘11</span> 
     </span>
    </p>
   </div>
   <div class='ocr_carea' id='block_1_2' title="bbox 148 222 1459 2386">
    <p class='ocr_par' dir='ltr' id='par_1_2' title="bbox 234 222 1365 391">
     <span class='ocr_line' id='line_1_2' title="bbox 234 222 1365 275; baseline 0.001 -14"><span class='ocrx_word' id='word_1_8' title='bbox 234 222 306 262; x_wconf 88' lang='lat' dir='ltr'>llic</span> <span class='ocrx_word' id='word_1_9' title='bbox 338 223 479 262; x_wconf 87' lang='lat' dir='ltr'>vidisse</span> <span class='ocrx_word' id='word_1_10' title='bbox 511 222 636 262; x_wconf 85' lang='lat' dir='ltr'>deus.</span> <span class='ocrx_word' id='word_1_11' title='bbox 674 223 779 262; x_wconf 89' lang='lat' dir='ltr'>videt</span> <span class='ocrx_word' id='word_1_12' title='bbox 809 223 874 262; x_wconf 86' lang='lat' dir='ltr'>hic</span> <span class='ocrx_word' id='word_1_13' title='bbox 905 224 1002 262; x_wconf 88' lang='lat' dir='ltr'>deus</span> <span class='ocrx_word' id='word_1_14' title='bbox 1034 224 1163 262; x_wconf 85' lang='lat' dir='ltr'>omnia</span> <span class='ocrx_word' id='word_1_15' title='bbox 1193 225 1365 275; x_wconf 79' lang='lat' dir='ltr'>primus.</span> 
     </span>
     <span class='ocr_line' id='line_1_3' title="bbox 235 281 1109 334; baseline 0 -14"><span class='ocrx_word' id='word_1_16' title='bbox 235 281 405 320; x_wconf 84' lang='lat' dir='ltr'>Indoluit</span> <span class='ocrx_word' id='word_1_17' title='bbox 436 282 536 320; x_wconf 86' lang='lat' dir='ltr'>sacto</span> <span class='ocrx_word' id='word_1_18' title='bbox 555 314 566 334; x_wconf 88' lang='lat'>,</span> <span class='ocrx_word' id='word_1_19' title='bbox 599 281 938 333; x_wconf 77' lang='lat' dir='ltr'>Iunonigenaeque</span> <span class='ocrx_word' id='word_1_20' title='bbox 972 284 1109 320; x_wconf 87' lang='lat' dir='ltr'>marito</span> 
     </span>
     <span class='ocr_line' id='line_1_4' title="bbox 234 339 1281 391; baseline 0.001 -13"><span class='ocrx_word' id='word_1_21' title='bbox 234 339 355 379; x_wconf 89' lang='lat' dir='ltr'>Furta</span> <span class='ocrx_word' id='word_1_22' title='bbox 387 342 462 379; x_wconf 90' lang='lat' dir='ltr'>tori</span> <span class='ocrx_word' id='word_1_23' title='bbox 495 341 669 391; x_wconf 80' lang='lat' dir='ltr'>furtique</span> <span class='ocrx_word' id='word_1_24' title='bbox 699 341 829 380; x_wconf 90' lang='lat' dir='ltr'>locum</span> <span class='ocrx_word' id='word_1_25' title='bbox 862 343 1091 379; x_wconf 87' lang='lat' dir='ltr'>monstravit</span> <span class='ocrx_word' id='word_1_26' title='bbox 1110 371 1119 379; x_wconf 90' lang='lat'><strong>.</strong></span> <span class='ocrx_word' id='word_1_27' title='bbox 1157 348 1196 380; x_wconf 87' lang='lat' dir='ltr'>at</span> <span class='ocrx_word' id='word_1_28' title='bbox 1227 340 1281 379; x_wconf 89' lang='lat' dir='ltr'>illi</span> 
     </span>
    </p>

    <p class='ocr_par' dir='ltr' id='par_1_3' title="bbox 150 398 1404 685">
     <span class='ocr_line' id='line_1_5' title="bbox 150 398 1348 450; baseline 0.001 -13"><span class='ocrx_word' id='word_1_29' title='bbox 150 406 213 438; x_wconf 79' lang='lat'>175</span> <span class='ocrx_word' id='word_1_30' title='bbox 234 398 283 437; x_wconf 85' lang='lat' dir='ltr'>Et</span> <span class='ocrx_word' id='word_1_31' title='bbox 314 411 424 437; x_wconf 89' lang='lat' dir='ltr'>mens</span> <span class='ocrx_word' id='word_1_32' title='bbox 463 407 502 438; x_wconf 90' lang='lat' dir='ltr'>et</span> <span class='ocrx_word' id='word_1_33' title='bbox 540 399 645 449; x_wconf 89' lang='lat' dir='ltr'>quod</span> <span class='ocrx_word' id='word_1_34' title='bbox 684 411 782 450; x_wconf 88' lang='lat' dir='ltr'>opus</span> <span class='ocrx_word' id='word_1_35' title='bbox 823 399 971 437; x_wconf 82' lang='lat' dir='ltr'>fabrilis</span> <span class='ocrx_word' id='word_1_36' title='bbox 1003 399 1138 437; x_wconf 85' lang='lat' dir='ltr'>dextra</span> <span class='ocrx_word' id='word_1_37' title='bbox 1170 399 1348 450; x_wconf 84' lang='lat' dir='ltr'>tenebat,</span> 
     </span>
     <span class='ocr_line' id='line_1_6' title="bbox 233 457 1234 508; baseline 0 -12"><span class='ocrx_word' id='word_1_38' title='bbox 233 457 415 496; x_wconf 81' lang='lat' dir='ltr'>Excidit.</span> <span class='ocrx_word' id='word_1_39' title='bbox 455 457 648 508; x_wconf 82' lang='lat' dir='ltr'>extemplo</span> <span class='ocrx_word' id='word_1_40' title='bbox 680 457 845 508; x_wconf 81' lang='lat' dir='ltr'>graciles</span> <span class='ocrx_word' id='word_1_41' title='bbox 877 470 924 496; x_wconf 82' lang='lat' dir='ltr'>ex</span> <span class='ocrx_word' id='word_1_42' title='bbox 956 470 1045 496; x_wconf 88' lang='lat' dir='ltr'>aere</span> <span class='ocrx_word' id='word_1_43' title='bbox 1078 464 1234 496; x_wconf 86' lang='lat' dir='ltr'>catenas</span> 
     </span>
     <span class='ocr_line' id='line_1_7' title="bbox 234 516 1404 568; baseline 0.002 -14"><span class='ocrx_word' id='word_1_44' title='bbox 234 516 424 567; x_wconf 85' lang='lat' dir='ltr'>Retiaque</span> <span class='ocrx_word' id='word_1_45' title='bbox 457 523 496 555; x_wconf 90' lang='lat' dir='ltr'>et</span> <span class='ocrx_word' id='word_1_46' title='bbox 526 516 685 566; x_wconf 86' lang='lat' dir='ltr'>laqueos</span> <span class='ocrx_word' id='word_1_47' title='bbox 704 548 715 568; x_wconf 91' lang='lat'>,</span> <span class='ocrx_word' id='word_1_48' title='bbox 747 528 846 567; x_wconf 89' lang='lat' dir='ltr'>quae</span> <span class='ocrx_word' id='word_1_49' title='bbox 876 516 1023 554; x_wconf 88' lang='lat' dir='ltr'>lumina</span> <span class='ocrx_word' id='word_1_50' title='bbox 1054 516 1188 554; x_wconf 82' lang='lat' dir='ltr'>fallere</span> <span class='ocrx_word' id='word_1_51' title='bbox 1219 522 1404 568; x_wconf 86' lang='lat' dir='ltr'>possent,</span> 
     </span>
     <span class='ocr_line' id='line_1_8' title="bbox 233 574 1228 626; baseline 0.001 -13"><span class='ocrx_word' id='word_1_52' title='bbox 233 574 375 614; x_wconf 87' lang='lat' dir='ltr'>Elimat</span> <span class='ocrx_word' id='word_1_53' title='bbox 395 606 403 614; x_wconf 91' lang='lat'>.</span> <span class='ocrx_word' id='word_1_54' title='bbox 442 587 520 613; x_wconf 91' lang='lat' dir='ltr'>non</span> <span class='ocrx_word' id='word_1_55' title='bbox 551 574 646 613; x_wconf 87' lang='lat' dir='ltr'>illud</span> <span class='ocrx_word' id='word_1_56' title='bbox 680 587 779 626; x_wconf 89' lang='lat' dir='ltr'>opus</span> <span class='ocrx_word' id='word_1_57' title='bbox 812 577 1041 614; x_wconf 86' lang='lat' dir='ltr'>tenuissima</span> <span class='ocrx_word' id='word_1_58' title='bbox 1071 577 1228 614; x_wconf 88' lang='lat' dir='ltr'>vincant</span> 
     </span>
     <span class='ocr_line' id='line_1_9' title="bbox 236 633 1369 685; baseline 0 -13"><span class='ocrx_word' id='word_1_59' title='bbox 236 633 407 672; x_wconf 79' lang='lat' dir='ltr'>Stamina</span> <span class='ocrx_word' id='word_1_60' title='bbox 426 665 437 685; x_wconf 90' lang='lat'><em>‚</em></span> <span class='ocrx_word' id='word_1_61' title='bbox 469 645 546 672; x_wconf 89' lang='lat' dir='ltr'>non</span> <span class='ocrx_word' id='word_1_62' title='bbox 579 646 731 672; x_wconf 89' lang='lat' dir='ltr'>summo</span> <span class='ocrx_word' id='word_1_63' title='bbox 765 646 862 684; x_wconf 84' lang='lat' dir='ltr'>quae</span> <span class='ocrx_word' id='word_1_64' title='bbox 890 634 1034 685; x_wconf 82' lang='lat' dir='ltr'>pendet</span> <span class='ocrx_word' id='word_1_65' title='bbox 1065 646 1205 672; x_wconf 86' lang='lat' dir='ltr'>aranea</span> <span class='ocrx_word' id='word_1_66' title='bbox 1236 635 1369 684; x_wconf 82' lang='lat' dir='ltr'>tigno:</span> 
     </span>
    </p>

    <p class='ocr_par' dir='ltr' id='par_1_4' title="bbox 149 691 1388 801">
     <span class='ocr_line' id='line_1_10' title="bbox 149 691 1388 745; baseline 0 -15"><span class='ocrx_word' id='word_1_67' title='bbox 149 699 214 731; x_wconf 87' lang='lat'>180</span> <span class='ocrx_word' id='word_1_68' title='bbox 234 691 363 743; x_wconf 87' lang='lat' dir='ltr'>thue</span> <span class='ocrx_word' id='word_1_69' title='bbox 396 692 500 731; x_wconf 91' lang='lat' dir='ltr'>leves</span> <span class='ocrx_word' id='word_1_70' title='bbox 531 698 659 731; x_wconf 87' lang='lat' dir='ltr'>tactus</span> <span class='ocrx_word' id='word_1_71' title='bbox 691 699 965 743; x_wconf 87' lang='lat' dir='ltr'>momentaque</span> <span class='ocrx_word' id='word_1_72' title='bbox 998 704 1113 743; x_wconf 86' lang='lat' dir='ltr'>parva</span> <span class='ocrx_word' id='word_1_73' title='bbox 1146 699 1388 745; x_wconf 83' lang='lat' dir='ltr'>sequantur,</span> 
     </span>
     <span class='ocr_line' id='line_1_11' title="bbox 233 750 1202 801; baseline 0 -12"><span class='ocrx_word' id='word_1_74' title='bbox 233 751 363 790; x_wconf 80' lang='lat' dir='ltr'>Efficit</span> <span class='ocrx_word' id='word_1_75' title='bbox 382 783 391 801; x_wconf 95' lang='lat'>,</span> <span class='ocrx_word' id='word_1_76' title='bbox 425 758 463 790; x_wconf 87' lang='lat' dir='ltr'>et</span> <span class='ocrx_word' id='word_1_77' title='bbox 494 751 594 789; x_wconf 87' lang='lat' dir='ltr'>lecto</span> <span class='ocrx_word' id='word_1_78' title='bbox 627 751 866 790; x_wconf 88' lang='lat' dir='ltr'>circumdata</span> <span class='ocrx_word' id='word_1_79' title='bbox 898 750 1061 790; x_wconf 88' lang='lat' dir='ltr'>collocat</span> <span class='ocrx_word' id='word_1_80' title='bbox 1092 757 1202 801; x_wconf 89' lang='lat' dir='ltr'>apte.</span> 
     </span>
    </p>

    <p class='ocr_par' dir='ltr' id='par_1_5' title="bbox 233 809 1322 978">
     <span class='ocr_line' id='line_1_12' title="bbox 233 809 1322 861; baseline -0.002 -12"><span class='ocrx_word' id='word_1_81' title='bbox 233 809 285 849; x_wconf 89' lang='lat' dir='ltr'>Ut</span> <span class='ocrx_word' id='word_1_82' title='bbox 316 822 457 849; x_wconf 88' lang='lat' dir='ltr'>venere</span> <span class='ocrx_word' id='word_1_83' title='bbox 489 817 620 848; x_wconf 87' lang='lat' dir='ltr'>torum</span> <span class='ocrx_word' id='word_1_84' title='bbox 651 812 821 848; x_wconf 83' lang='lat' dir='ltr'>coniunx</span> <span class='ocrx_word' id='word_1_85' title='bbox 853 817 892 848; x_wconf 86' lang='lat' dir='ltr'>et</span> <span class='ocrx_word' id='word_1_86' title='bbox 923 809 1074 848; x_wconf 78' lang='lat' dir='ltr'>adulter</span> <span class='ocrx_word' id='word_1_87' title='bbox 1105 812 1145 848; x_wconf 90' lang='lat' dir='ltr'>in</span> <span class='ocrx_word' id='word_1_88' title='bbox 1177 822 1322 861; x_wconf 87' lang='lat' dir='ltr'>unum,</span> 
     </span>
     <span class='ocr_line' id='line_1_13' title="bbox 234 869 1167 919; baseline -0.001 -12"><span class='ocrx_word' id='word_1_89' title='bbox 234 870 328 907; x_wconf 85' lang='lat' dir='ltr'>Arte</span> <span class='ocrx_word' id='word_1_90' title='bbox 358 870 432 907; x_wconf 90' lang='lat' dir='ltr'>viri</span> <span class='ocrx_word' id='word_1_91' title='bbox 463 869 678 919; x_wconf 87' lang='lat' dir='ltr'>vinclisque</span> <span class='ocrx_word' id='word_1_92' title='bbox 711 880 808 906; x_wconf 90' lang='lat' dir='ltr'>nova</span> <span class='ocrx_word' id='word_1_93' title='bbox 838 870 989 907; x_wconf 87' lang='lat' dir='ltr'>ratione</span> <span class='ocrx_word' id='word_1_94' title='bbox 1023 870 1167 918; x_wconf 88' lang='lat' dir='ltr'>paratis</span> 
     </span>
     <span class='ocr_line' id='line_1_14' title="bbox 234 926 1300 978; baseline 0 -13"><span class='ocrx_word' id='word_1_95' title='bbox 234 927 277 965; x_wconf 88' lang='lat' dir='ltr'>ln</span> <span class='ocrx_word' id='word_1_96' title='bbox 310 927 448 965; x_wconf 90' lang='lat' dir='ltr'>mediis</span> <span class='ocrx_word' id='word_1_97' title='bbox 480 927 592 965; x_wconf 87' lang='lat' dir='ltr'>ambo</span> <span class='ocrx_word' id='word_1_98' title='bbox 624 927 809 978; x_wconf 85' lang='lat' dir='ltr'>deprensi</span> <span class='ocrx_word' id='word_1_99' title='bbox 840 926 1081 978; x_wconf 84' lang='lat' dir='ltr'>amplexibus</span> <span class='ocrx_word' id='word_1_100' title='bbox 1112 927 1300 966; x_wconf 77' lang='lat' dir='ltr'>haerent.</span> 
     </span>
    </p>

    <p class='ocr_par' dir='ltr' id='par_1_6' title="bbox 148 985 1410 1259">
     <span class='ocr_line' id='line_1_15' title="bbox 148 985 1245 1038; baseline 0 -15"><span class='ocrx_word' id='word_1_101' title='bbox 148 992 214 1023; x_wconf 85' lang='lat'>185</span> <span class='ocrx_word' id='word_1_102' title='bbox 234 985 420 1024; x_wconf 88' lang='lat' dir='ltr'>Lemnius</span> <span class='ocrx_word' id='word_1_103' title='bbox 452 985 646 1036; x_wconf 84' lang='lat' dir='ltr'>extemplo</span> <span class='ocrx_word' id='word_1_104' title='bbox 679 986 803 1023; x_wconf 85' lang='lat' dir='ltr'>valvas</span> <span class='ocrx_word' id='word_1_105' title='bbox 835 986 1020 1036; x_wconf 81' lang='lat' dir='ltr'>patefecit</span> <span class='ocrx_word' id='word_1_106' title='bbox 1051 985 1245 1038; x_wconf 85' lang='lat' dir='ltr'>eburnas,</span> 
     </span>
     <span class='ocr_line' id='line_1_16' title="bbox 234 1043 1046 1095; baseline -0.001 -12"><span class='ocrx_word' id='word_1_107' title='bbox 234 1045 477 1095; x_wconf 84' lang='lat' dir='ltr'>Admisitque</span> <span class='ocrx_word' id='word_1_108' title='bbox 510 1044 632 1083; x_wconf 89' lang='lat' dir='ltr'>deos.</span> <span class='ocrx_word' id='word_1_109' title='bbox 665 1043 720 1082; x_wconf 92' lang='lat' dir='ltr'>illi</span> <span class='ocrx_word' id='word_1_110' title='bbox 751 1045 906 1083; x_wconf 84' lang='lat' dir='ltr'>iacuere</span> <span class='ocrx_word' id='word_1_111' title='bbox 939 1044 1046 1094; x_wconf 89' lang='lat' dir='ltr'>ligati</span> 
     </span>
     <span class='ocr_line' id='line_1_17' title="bbox 234 1102 1410 1155; baseline -0.001 -13"><span class='ocrx_word' id='word_1_112' title='bbox 234 1103 422 1155; x_wconf 87' lang='lat' dir='ltr'>Turpiter</span> <span class='ocrx_word' id='word_1_113' title='bbox 442 1135 450 1142; x_wconf 92' lang='lat'><strong><em>.</em></strong></span> <span class='ocrx_word' id='word_1_114' title='bbox 488 1110 604 1153; x_wconf 89' lang='lat' dir='ltr'>atque</span> <span class='ocrx_word' id='word_1_115' title='bbox 637 1103 776 1153; x_wconf 89' lang='lat' dir='ltr'>aliquis</span> <span class='ocrx_word' id='word_1_116' title='bbox 808 1102 856 1141; x_wconf 88' lang='lat' dir='ltr'>de</span> <span class='ocrx_word' id='word_1_117' title='bbox 888 1102 947 1141; x_wconf 90' lang='lat' dir='ltr'>dis</span> <span class='ocrx_word' id='word_1_118' title='bbox 979 1115 1059 1141; x_wconf 88' lang='lat' dir='ltr'>non</span> <span class='ocrx_word' id='word_1_119' title='bbox 1089 1102 1270 1141; x_wconf 85' lang='lat' dir='ltr'>tristibus</span> <span class='ocrx_word' id='word_1_120' title='bbox 1302 1108 1410 1154; x_wconf 90' lang='lat' dir='ltr'>optat</span> 
     </span>
     <span class='ocr_line' id='line_1_18' title="bbox 236 1162 1138 1213; baseline -0.001 -13"><span class='ocrx_word' id='word_1_121' title='bbox 236 1162 300 1200; x_wconf 88' lang='lat' dir='ltr'>Sic</span> <span class='ocrx_word' id='word_1_122' title='bbox 331 1163 417 1200; x_wconf 88' lang='lat' dir='ltr'>fieri</span> <span class='ocrx_word' id='word_1_123' title='bbox 448 1164 573 1213; x_wconf 87' lang='lat' dir='ltr'>turpis</span> <span class='ocrx_word' id='word_1_124' title='bbox 594 1193 602 1200; x_wconf 90' lang='lat'><em>.</em></span> <span class='ocrx_word' id='word_1_125' title='bbox 641 1163 775 1212; x_wconf 88' lang='lat' dir='ltr'>superi</span> <span class='ocrx_word' id='word_1_126' title='bbox 805 1163 930 1199; x_wconf 87' lang='lat' dir='ltr'>risere</span> <span class='ocrx_word' id='word_1_127' title='bbox 949 1193 960 1213; x_wconf 88' lang='lat'>,</span> <span class='ocrx_word' id='word_1_128' title='bbox 993 1162 1138 1212; x_wconf 89' lang='lat' dir='ltr'>diuque</span> 
     </span>
     <span class='ocr_line' id='line_1_19' title="bbox 235 1220 1186 1259; baseline 0 -1"><span class='ocrx_word' id='word_1_129' title='bbox 235 1220 340 1259; x_wconf 84' lang='lat' dir='ltr'>Haec</span> <span class='ocrx_word' id='word_1_130' title='bbox 371 1221 446 1259; x_wconf 86' lang='lat' dir='ltr'>fuit</span> <span class='ocrx_word' id='word_1_131' title='bbox 476 1222 516 1259; x_wconf 84' lang='lat' dir='ltr'>in</span> <span class='ocrx_word' id='word_1_132' title='bbox 547 1226 630 1259; x_wconf 89' lang='lat' dir='ltr'>toto</span> <span class='ocrx_word' id='word_1_133' title='bbox 662 1221 865 1258; x_wconf 87' lang='lat' dir='ltr'>notissima</span> <span class='ocrx_word' id='word_1_134' title='bbox 897 1220 1024 1259; x_wconf 86' lang='lat' dir='ltr'>fabula</span> <span class='ocrx_word' id='word_1_135' title='bbox 1056 1220 1186 1258; x_wconf 80' lang='lat' dir='ltr'>caelo.</span> 
     </span>
    </p>

    <p class='ocr_par' dir='ltr' id='par_1_7' title="bbox 149 1278 1235 1331">
     <span class='ocr_line' id='line_1_20' title="bbox 149 1278 1235 1331; baseline -0.001 -14"><span class='ocrx_word' id='word_1_136' title='bbox 149 1286 216 1318; x_wconf 82' lang='lat'>190</span> <span class='ocrx_word' id='word_1_137' title='bbox 236 1279 366 1330; x_wconf 85' lang='lat' dir='ltr'>Exigit</span> <span class='ocrx_word' id='word_1_138' title='bbox 396 1279 530 1318; x_wconf 86' lang='lat' dir='ltr'>iudicii</span> <span class='ocrx_word' id='word_1_139' title='bbox 561 1291 776 1317; x_wconf 89' lang='lat' dir='ltr'>memorem</span> <span class='ocrx_word' id='word_1_140' title='bbox 808 1278 1013 1329; x_wconf 83' lang='lat' dir='ltr'>Cythereia</span> <span class='ocrx_word' id='word_1_141' title='bbox 1046 1290 1235 1331; x_wconf 87' lang='lat' dir='ltr'>poenam,</span> 
     </span>
    </p>

    <p class='ocr_par' dir='ltr' id='par_1_8' title="bbox 232 1337 1373 1565">
     <span class='ocr_line' id='line_1_21' title="bbox 236 1337 1269 1389; baseline 0 -13"><span class='ocrx_word' id='word_1_142' title='bbox 236 1338 356 1388; x_wconf 85' lang='lat' dir='ltr'>Inque</span> <span class='ocrx_word' id='word_1_143' title='bbox 391 1340 493 1377; x_wconf 88' lang='lat' dir='ltr'>vices</span> <span class='ocrx_word' id='word_1_144' title='bbox 524 1337 662 1389; x_wconf 88' lang='lat' dir='ltr'>illum,</span> <span class='ocrx_word' id='word_1_145' title='bbox 694 1343 820 1376; x_wconf 84' lang='lat' dir='ltr'>tectos</span> <span class='ocrx_word' id='word_1_146' title='bbox 852 1339 919 1388; x_wconf 89' lang='lat' dir='ltr'>qui</span> <span class='ocrx_word' id='word_1_147' title='bbox 950 1338 1063 1376; x_wconf 85' lang='lat' dir='ltr'>laesit</span> <span class='ocrx_word' id='word_1_148' title='bbox 1093 1349 1269 1389; x_wconf 83' lang='lat' dir='ltr'>amores,</span> 
     </span>
     <span class='ocr_line' id='line_1_22' title="bbox 232 1395 1373 1448; baseline -0.001 -13"><span class='ocrx_word' id='word_1_149' title='bbox 232 1395 370 1435; x_wconf 87' lang='lat' dir='ltr'>Laedit</span> <span class='ocrx_word' id='word_1_150' title='bbox 401 1408 531 1435; x_wconf 91' lang='lat' dir='ltr'>amore</span> <span class='ocrx_word' id='word_1_151' title='bbox 565 1398 676 1447; x_wconf 88' lang='lat' dir='ltr'>pari.</span> <span class='ocrx_word' id='word_1_152' title='bbox 716 1396 808 1447; x_wconf 89' lang='lat' dir='ltr'>quid</span> <span class='ocrx_word' id='word_1_153' title='bbox 840 1408 946 1435; x_wconf 90' lang='lat' dir='ltr'>nunc</span> <span class='ocrx_word' id='word_1_154' title='bbox 964 1428 975 1448; x_wconf 88' lang='lat'>,</span> <span class='ocrx_word' id='word_1_155' title='bbox 1007 1395 1229 1447; x_wconf 86' lang='lat' dir='ltr'>Hyperione</span> <span class='ocrx_word' id='word_1_156' title='bbox 1260 1401 1373 1447; x_wconf 87' lang='lat' dir='ltr'>nate,</span> 
     </span>
     <span class='ocr_line' id='line_1_23' title="bbox 234 1452 1359 1505; baseline -0.001 -12"><span class='ocrx_word' id='word_1_157' title='bbox 234 1456 375 1494; x_wconf 90' lang='lat' dir='ltr'>Forma</span> <span class='ocrx_word' id='word_1_158' title='bbox 406 1455 591 1505; x_wconf 78' lang='lat' dir='ltr'>colorque</span> <span class='ocrx_word' id='word_1_159' title='bbox 624 1453 695 1493; x_wconf 91' lang='lat' dir='ltr'>tibi</span> <span class='ocrx_word' id='word_1_160' title='bbox 725 1454 950 1505; x_wconf 84' lang='lat' dir='ltr'>radiataque</span> <span class='ocrx_word' id='word_1_161' title='bbox 982 1454 1127 1493; x_wconf 85' lang='lat' dir='ltr'>lumina</span> <span class='ocrx_word' id='word_1_162' title='bbox 1160 1452 1359 1505; x_wconf 81' lang='lat' dir='ltr'>prosunt?</span> 
     </span>
     <span class='ocr_line' id='line_1_24' title="bbox 235 1513 1240 1565; baseline -0.001 -13"><span class='ocrx_word' id='word_1_163' title='bbox 235 1514 384 1565; x_wconf 71' lang='lat' dir='ltr'>Nempe</span> <span class='ocrx_word' id='word_1_164' title='bbox 410 1515 488 1552; x_wconf 88' lang='lat' dir='ltr'>tuis</span> <span class='ocrx_word' id='word_1_165' title='bbox 520 1525 655 1551; x_wconf 88' lang='lat' dir='ltr'>omnes</span> <span class='ocrx_word' id='word_1_166' title='bbox 688 1515 755 1563; x_wconf 87' lang='lat' dir='ltr'>qui</span> <span class='ocrx_word' id='word_1_167' title='bbox 786 1519 912 1551; x_wconf 85' lang='lat' dir='ltr'>terras</span> <span class='ocrx_word' id='word_1_168' title='bbox 944 1513 1100 1564; x_wconf 87' lang='lat' dir='ltr'>ignibus</span> <span class='ocrx_word' id='word_1_169' title='bbox 1133 1514 1240 1564; x_wconf 88' lang='lat' dir='ltr'>uris,</span> 
     </span>
    </p>

    <p class='ocr_par' dir='ltr' id='par_1_9' title="bbox 150 1569 1365 1858">
     <span class='ocr_line' id='line_1_25' title="bbox 150 1569 1365 1625; baseline -0.002 -13"><span class='ocrx_word' id='word_1_170' title='bbox 150 1581 215 1612; x_wconf 85' lang='lat'>195</span> <span class='ocrx_word' id='word_1_171' title='bbox 235 1572 371 1612; x_wconf 90' lang='lat' dir='ltr'>Ureris</span> <span class='ocrx_word' id='word_1_172' title='bbox 404 1574 492 1623; x_wconf 82' lang='lat' dir='ltr'>igne</span> <span class='ocrx_word' id='word_1_173' title='bbox 525 1584 653 1623; x_wconf 81' lang='lat' dir='ltr'>novo3</span> <span class='ocrx_word' id='word_1_174' title='bbox 686 1573 830 1622; x_wconf 89' lang='lat' dir='ltr'>quique</span> <span class='ocrx_word' id='word_1_175' title='bbox 863 1573 993 1610; x_wconf 90' lang='lat' dir='ltr'>omnia</span> <span class='ocrx_word' id='word_1_176' title='bbox 1024 1583 1187 1610; x_wconf 77' lang='lat' dir='ltr'>cernere</span> <span class='ocrx_word' id='word_1_177' title='bbox 1220 1569 1365 1625; x_wconf 86' lang='lat' dir='ltr'>debes,</span> 
     </span>
     <span class='ocr_line' id='line_1_26' title="bbox 236 1630 1253 1682; baseline -0.002 -12"><span class='ocrx_word' id='word_1_178' title='bbox 236 1631 489 1670; x_wconf 74' lang='lat' dir='ltr'>Leucothoen</span> <span class='ocrx_word' id='word_1_179' title='bbox 521 1636 674 1682; x_wconf 88' lang='lat' dir='ltr'>spectas</span> <span class='ocrx_word' id='word_1_180' title='bbox 693 1661 704 1681; x_wconf 94' lang='lat'>,</span> <span class='ocrx_word' id='word_1_181' title='bbox 736 1637 776 1668; x_wconf 87' lang='lat' dir='ltr'>et</span> <span class='ocrx_word' id='word_1_182' title='bbox 807 1631 954 1681; x_wconf 88' lang='lat' dir='ltr'>virgine</span> <span class='ocrx_word' id='word_1_183' title='bbox 986 1630 1072 1680; x_wconf 84' lang='lat' dir='ltr'>figis</span> <span class='ocrx_word' id='word_1_184' title='bbox 1104 1631 1144 1667; x_wconf 90' lang='lat' dir='ltr'>in</span> <span class='ocrx_word' id='word_1_185' title='bbox 1178 1641 1253 1668; x_wconf 88' lang='lat' dir='ltr'>una</span> 
     </span>
     <span class='ocr_line' id='line_1_27' title="bbox 238 1688 1316 1741; baseline -0.003 -12"><span class='ocrx_word' id='word_1_186' title='bbox 238 1690 346 1736; x_wconf 88' lang='lat' dir='ltr'>Quos</span> <span class='ocrx_word' id='word_1_187' title='bbox 376 1689 521 1728; x_wconf 91' lang='lat' dir='ltr'>mundo</span> <span class='ocrx_word' id='word_1_188' title='bbox 555 1688 673 1727; x_wconf 88' lang='lat' dir='ltr'>debes</span> <span class='ocrx_word' id='word_1_189' title='bbox 693 1720 704 1741; x_wconf 94' lang='lat'>,</span> <span class='ocrx_word' id='word_1_190' title='bbox 735 1688 869 1727; x_wconf 86' lang='lat' dir='ltr'>oculos</span> <span class='ocrx_word' id='word_1_191' title='bbox 889 1720 898 1727; x_wconf 89' lang='lat'><strong>.</strong></span> <span class='ocrx_word' id='word_1_192' title='bbox 936 1688 1050 1726; x_wconf 91' lang='lat' dir='ltr'>modo</span> <span class='ocrx_word' id='word_1_193' title='bbox 1083 1690 1213 1739; x_wconf 84' lang='lat' dir='ltr'>surgis</span> <span class='ocrx_word' id='word_1_194' title='bbox 1244 1700 1316 1727; x_wconf 91' lang='lat' dir='ltr'>eoo</span> 
     </span>
     <span class='ocr_line' id='line_1_28' title="bbox 236 1746 1282 1800; baseline -0.002 -13"><span class='ocrx_word' id='word_1_195' title='bbox 236 1749 267 1787; x_wconf 90' lang='lat' dir='ltr'>T</span> <span class='ocrx_word' id='word_1_196' title='bbox 272 1750 469 1800; x_wconf 86' lang='lat' dir='ltr'>emperius</span> <span class='ocrx_word' id='word_1_197' title='bbox 496 1748 601 1786; x_wconf 86' lang='lat' dir='ltr'>caelo</span> <span class='ocrx_word' id='word_1_198' title='bbox 620 1780 631 1800; x_wconf 86' lang='lat'>,</span> <span class='ocrx_word' id='word_1_199' title='bbox 663 1747 778 1785; x_wconf 89' lang='lat' dir='ltr'>modo</span> <span class='ocrx_word' id='word_1_200' title='bbox 811 1748 938 1786; x_wconf 88' lang='lat' dir='ltr'>serius</span> <span class='ocrx_word' id='word_1_201' title='bbox 970 1746 1110 1785; x_wconf 89' lang='lat' dir='ltr'>incidis</span> <span class='ocrx_word' id='word_1_202' title='bbox 1143 1747 1282 1800; x_wconf 89' lang='lat' dir='ltr'>undis,</span> 
     </span>
     <span class='ocr_line' id='line_1_29' title="bbox 238 1805 1259 1858; baseline -0.001 -12"><span class='ocrx_word' id='word_1_203' title='bbox 238 1807 526 1858; x_wconf 87' lang='lat' dir='ltr'>Spectandique</span> <span class='ocrx_word' id='word_1_204' title='bbox 558 1818 665 1844; x_wconf 84' lang='lat' dir='ltr'>mora</span> <span class='ocrx_word' id='word_1_205' title='bbox 691 1805 887 1844; x_wconf 82' lang='lat' dir='ltr'>brumales</span> <span class='ocrx_word' id='word_1_206' title='bbox 919 1807 1088 1856; x_wconf 85' lang='lat' dir='ltr'>porrigis</span> <span class='ocrx_word' id='word_1_207' title='bbox 1119 1805 1259 1845; x_wconf 85' lang='lat' dir='ltr'>horas:</span> 
     </span>
    </p>

    <p class='ocr_par' dir='ltr' id='par_1_10' title="bbox 150 1864 1459 2152">
     <span class='ocr_line' id='line_1_30' title="bbox 150 1864 1301 1917; baseline -0.003 -12"><span class='ocrx_word' id='word_1_208' title='bbox 150 1873 218 1906; x_wconf 81' lang='lat'>200</span> <span class='ocrx_word' id='word_1_209' title='bbox 237 1865 378 1905; x_wconf 85' lang='lat' dir='ltr'>Deficis</span> <span class='ocrx_word' id='word_1_210' title='bbox 409 1866 609 1904; x_wconf 88' lang='lat' dir='ltr'>interdum</span> <span class='ocrx_word' id='word_1_211' title='bbox 628 1897 638 1917; x_wconf 87' lang='lat'>,</span> <span class='ocrx_word' id='word_1_212' title='bbox 664 1866 878 1915; x_wconf 79' lang='lat' dir='ltr'>vitiumque</span> <span class='ocrx_word' id='word_1_213' title='bbox 910 1866 949 1902; x_wconf 92' lang='lat' dir='ltr'>in</span> <span class='ocrx_word' id='word_1_214' title='bbox 981 1864 1126 1903; x_wconf 87' lang='lat' dir='ltr'>lumina</span> <span class='ocrx_word' id='word_1_215' title='bbox 1159 1866 1301 1903; x_wconf 81' lang='lat' dir='ltr'>mentis</span> 
     </span>
     <span class='ocr_line' id='line_1_31' title="bbox 237 1923 1294 1977; baseline -0.003 -14"><span class='ocrx_word' id='word_1_216' title='bbox 237 1925 422 1977; x_wconf 87' lang='lat' dir='ltr'>Transit,</span> <span class='ocrx_word' id='word_1_217' title='bbox 454 1931 494 1963; x_wconf 86' lang='lat' dir='ltr'>et</span> <span class='ocrx_word' id='word_1_218' title='bbox 524 1923 717 1963; x_wconf 88' lang='lat' dir='ltr'>obscurus</span> <span class='ocrx_word' id='word_1_219' title='bbox 750 1923 925 1962; x_wconf 87' lang='lat' dir='ltr'>mortalia</span> <span class='ocrx_word' id='word_1_220' title='bbox 956 1931 1117 1974; x_wconf 87' lang='lat' dir='ltr'>pectora</span> <span class='ocrx_word' id='word_1_221' title='bbox 1147 1929 1294 1961; x_wconf 86' lang='lat' dir='ltr'>terres.</span> 
     </span>
     <span class='ocr_line' id='line_1_32' title="bbox 237 1982 1265 2035; baseline -0.003 -13"><span class='ocrx_word' id='word_1_222' title='bbox 237 1983 319 2022; x_wconf 87' lang='lat' dir='ltr'>Nec</span> <span class='ocrx_word' id='word_1_223' title='bbox 337 2015 349 2035; x_wconf 90' lang='lat'>,</span> <span class='ocrx_word' id='word_1_224' title='bbox 378 1982 450 2022; x_wconf 87' lang='lat' dir='ltr'>tibi</span> <span class='ocrx_word' id='word_1_225' title='bbox 483 1983 586 2033; x_wconf 91' lang='lat' dir='ltr'>quod</span> <span class='ocrx_word' id='word_1_226' title='bbox 618 1983 732 2021; x_wconf 88' lang='lat' dir='ltr'>lunae</span> <span class='ocrx_word' id='word_1_227' title='bbox 763 1983 881 2020; x_wconf 86' lang='lat' dir='ltr'>terris</span> <span class='ocrx_word' id='word_1_228' title='bbox 913 1982 1108 2032; x_wconf 87' lang='lat' dir='ltr'>propioris</span> <span class='ocrx_word' id='word_1_229' title='bbox 1139 1982 1265 2032; x_wconf 84' lang='lat' dir='ltr'>imago</span> 
     </span>
     <span class='ocr_line' id='line_1_33' title="bbox 239 2040 1382 2092; baseline -0.001 -12"><span class='ocrx_word' id='word_1_230' title='bbox 239 2041 447 2081; x_wconf 85' lang='lat' dir='ltr'>Obstiterit</span> <span class='ocrx_word' id='word_1_231' title='bbox 466 2074 475 2092; x_wconf 90' lang='lat'>,</span> <span class='ocrx_word' id='word_1_232' title='bbox 506 2041 656 2092; x_wconf 88' lang='lat' dir='ltr'>palles:</span> <span class='ocrx_word' id='word_1_233' title='bbox 688 2042 780 2079; x_wconf 84' lang='lat' dir='ltr'>facit</span> <span class='ocrx_word' id='word_1_234' title='bbox 809 2040 916 2079; x_wconf 89' lang='lat' dir='ltr'>hunc</span> <span class='ocrx_word' id='word_1_235' title='bbox 948 2051 1056 2078; x_wconf 88' lang='lat' dir='ltr'>amor</span> <span class='ocrx_word' id='word_1_236' title='bbox 1087 2041 1161 2078; x_wconf 86' lang='lat' dir='ltr'>iste</span> <span class='ocrx_word' id='word_1_237' title='bbox 1188 2040 1382 2079; x_wconf 88' lang='lat' dir='ltr'>colorem.</span> 
     </span>
     <span class='ocr_line' id='line_1_34' title="bbox 238 2098 1459 2152; baseline -0.001 -13"><span class='ocrx_word' id='word_1_238' title='bbox 238 2100 373 2152; x_wconf 85' lang='lat' dir='ltr'>Diligis</span> <span class='ocrx_word' id='word_1_239' title='bbox 403 2100 503 2139; x_wconf 88' lang='lat' dir='ltr'>hanc</span> <span class='ocrx_word' id='word_1_240' title='bbox 542 2112 686 2138; x_wconf 90' lang='lat' dir='ltr'>unam.</span> <span class='ocrx_word' id='word_1_241' title='bbox 727 2111 798 2138; x_wconf 89' lang='lat' dir='ltr'>nec</span> <span class='ocrx_word' id='word_1_242' title='bbox 836 2105 874 2137; x_wconf 89' lang='lat' dir='ltr'>te</span> <span class='ocrx_word' id='word_1_243' title='bbox 907 2098 1168 2150; x_wconf 86' lang='lat' dir='ltr'>Clymeneque</span> <span class='ocrx_word' id='word_1_244' title='bbox 1201 2098 1459 2151; x_wconf 80' lang='lat' dir='ltr'>Rhodosque,</span> 
     </span>
    </p>

    <p class='ocr_par' dir='ltr' id='par_1_11' title="bbox 152 2156 1326 2386">
     <span class='ocr_line' id='line_1_35' title="bbox 152 2156 1326 2210; baseline -0.002 -12"><span class='ocrx_word' id='word_1_245' title='bbox 152 2167 218 2198; x_wconf 83' lang='lat'>205</span> <span class='ocrx_word' id='word_1_246' title='bbox 238 2159 319 2198; x_wconf 88' lang='lat' dir='ltr'>Nec</span> <span class='ocrx_word' id='word_1_247' title='bbox 349 2165 458 2198; x_wconf 86' lang='lat' dir='ltr'>tenet</span> <span class='ocrx_word' id='word_1_248' title='bbox 488 2159 634 2197; x_wconf 85' lang='lat' dir='ltr'>Aeaeae</span> <span class='ocrx_word' id='word_1_249' title='bbox 667 2158 843 2209; x_wconf 87' lang='lat' dir='ltr'>genetrix</span> <span class='ocrx_word' id='word_1_250' title='bbox 875 2156 1138 2208; x_wconf 88' lang='lat' dir='ltr'>pulcherrima</span> <span class='ocrx_word' id='word_1_251' title='bbox 1170 2156 1326 2210; x_wconf 78' lang='lat' dir='ltr'>Circes,</span> 
     </span>
     <span class='ocr_line' id='line_1_36' title="bbox 240 2215 1309 2268; baseline -0.002 -12"><span class='ocrx_word' id='word_1_252' title='bbox 240 2218 426 2268; x_wconf 87' lang='lat' dir='ltr'>Quaeque</span> <span class='ocrx_word' id='word_1_253' title='bbox 459 2224 548 2256; x_wconf 88' lang='lat' dir='ltr'>tuos</span> <span class='ocrx_word' id='word_1_254' title='bbox 580 2217 702 2268; x_wconf 79' lang='lat' dir='ltr'>Clytie</span> <span class='ocrx_word' id='word_1_255' title='bbox 735 2217 910 2267; x_wconf 89' lang='lat' dir='ltr'>quamvis</span> <span class='ocrx_word' id='word_1_256' title='bbox 935 2215 1121 2267; x_wconf 87' lang='lat' dir='ltr'>despecta</span> <span class='ocrx_word' id='word_1_257' title='bbox 1151 2215 1309 2266; x_wconf 87' lang='lat' dir='ltr'>petebat</span> 
     </span>
     <span class='ocr_line' id='line_1_37' title="bbox 240 2273 1320 2327; baseline -0.002 -13"><span class='ocrx_word' id='word_1_258' title='bbox 240 2275 481 2315; x_wconf 90' lang='lat' dir='ltr'>Concubitus</span> <span class='ocrx_word' id='word_1_259' title='bbox 501 2307 512 2327; x_wconf 91' lang='lat'>,</span> <span class='ocrx_word' id='word_1_260' title='bbox 542 2277 706 2326; x_wconf 89' lang='lat' dir='ltr'>ipsoque</span> <span class='ocrx_word' id='word_1_261' title='bbox 738 2274 803 2313; x_wconf 90' lang='lat' dir='ltr'>illo</span> <span class='ocrx_word' id='word_1_262' title='bbox 835 2286 951 2325; x_wconf 88' lang='lat' dir='ltr'>grave</span> <span class='ocrx_word' id='word_1_263' title='bbox 981 2274 1123 2313; x_wconf 91' lang='lat' dir='ltr'>vulnus</span> <span class='ocrx_word' id='word_1_264' title='bbox 1154 2273 1320 2313; x_wconf 79' lang='lat' dir='ltr'>habebat</span> 
     </span>
     <span class='ocr_line' id='line_1_38' title="bbox 240 2332 1285 2386; baseline -0.002 -13"><span class='ocrx_word' id='word_1_265' title='bbox 240 2334 434 2386; x_wconf 84' lang='lat' dir='ltr'>Tempore</span> <span class='ocrx_word' id='word_1_266' title='bbox 454 2364 462 2372; x_wconf 94' lang='lat'>.</span> <span class='ocrx_word' id='word_1_267' title='bbox 500 2333 724 2372; x_wconf 75' lang='lat' dir='ltr'>Leucothoe</span> <span class='ocrx_word' id='word_1_268' title='bbox 756 2333 968 2372; x_wconf 88' lang='lat' dir='ltr'>multarum</span> <span class='ocrx_word' id='word_1_269' title='bbox 1000 2332 1138 2372; x_wconf 89' lang='lat' dir='ltr'>oblivia</span> <span class='ocrx_word' id='word_1_270' title='bbox 1170 2334 1285 2384; x_wconf 86' lang='lat' dir='ltr'>fecit,</span> 
     </span>
    </p>
   </div>
  </div>
 </body>
</html>
