1554 2563
157 118 245 160 264
417 129 540 153 unns
713 115 926 151 METAMM
941 143 948 151 .

276 228 525 267 Admiremur
557 238 675 279 eum,
707 225 816 265 vobis
850 238 1005 278 quoque
1039 226 1151 278 digna
1183 226 1333 278 pudore

278 286 435 326 Obicit.
475 297 523 324 an
556 284 651 324 falso
683 284 914 324 Palameden
947 286 1110 324 crimine
1143 292 1257 337 turpe

278 346 493 384 Accusasse
525 343 649 396 mihi,
681 343 789 382 vobis
821 343 1024 383 damnasse
1058 344 1244 383 decorum
1279 342 1374 384 est?

189 413 258 444 310
279 404 356 443 Sed
389 415 516 455 neque
548 402 780 454 Naupliades
813 403 962 442 facinus
994 402 1205 442 defendere
1238 409 1387 443 tantum

277 463 451 514 Tamque
484 467 622 514 patens
653 461 802 514 valuit,
835 473 908 500 nec
940 473 1006 500 vos
1039 461 1202 501 audistis
1234 463 1274 500 in
1306 462 1369 500 illo

280 521 479 561 Crimina:
510 520 661 560 vidistis
679 552 690 573 ,
722 525 957 571 praestoque
990 519 1141 559 obiecta
1171 520 1376 572 patebant.

278 580 358 619 Nec
389 579 653 619 Poeantiaden
687 579 789 630 quod
822 578 940 617 habet
970 577 1154 618 Vulcania
1185 578 1376 632 Lemnos,

278 639 375 678 Esse
407 650 500 677 reus
532 639 688 677 merui.
727 638 872 677 factum
904 637 1102 677 defendite
1134 643 1331 690 vestrum3

192 705 258 738 315
279 697 544 737 Consensistis
577 698 708 735 enim.
747 708 820 735 nec
852 708 913 735 me
945 698 1115 736 suasisse
1147 696 1320 749 negabo,

278 756 328 796 Ut
360 768 401 795 se
433 755 684 795 subtraheret
715 754 886 806 bellique
919 756 1080 806 viaeque
1113 755 1260 809 labori,

279 815 584 867 Temptaretque
618 814 722 853 feros
755 815 893 865 requie
925 813 1049 852 lenire
1082 813 1260 853 dolores.

281 873 446 926 Paruit,
480 878 518 912 et
549 874 669 912 vivit.
710 884 788 911 non
822 872 917 911 haec
950 874 1144 912 sententia
1175 879 1326 913 tantum

279 932 402 985 Fida,
427 931 496 971 sed
528 937 568 971 et
599 931 719 983 felix3
752 943 841 970 cum
874 932 925 970 sit
956 933 1077 984 satis,
1110 944 1195 971 esse
1227 932 1402 971 fidelem.

192 999 260 1032 320
281 991 406 1038 Quem
440 991 623 1042 quoniam
655 995 761 1030 vates
794 989 957 1029 delenda
988 990 1035 1029 ad
1066 990 1253 1042 Pergama
1284 998 1474 1045 poscunt,

280 1050 337 1089 Ne
370 1050 548 1089 mandate
581 1048 704 1088 mihi:
735 1048 875 1088 melius
907 1048 1156 1088 Telamonius
1189 1049 1283 1103 ibit,

281 1108 527 1159 Eloquioque
560 1109 688 1147 virum
719 1107 867 1146 morbis
898 1108 1034 1159 iraque
1067 1108 1262 1147 furentem

280 1167 428 1206 Molliet
445 1198 456 1220 ‚
488 1172 556 1206 aut
586 1166 712 1217 aliqua
744 1166 938 1217 producet
969 1166 1130 1205 callidus
1162 1172 1268 1207 arte.

281 1226 379 1264 Ante
412 1231 518 1264 retro
552 1224 693 1263 Simois
725 1224 820 1263 fluet
851 1230 890 1263 et
921 1226 1004 1263 sine
1038 1224 1241 1264 frondibus
1275 1225 1339 1265 [de

193 1291 260 1324 825
283 1284 437 1337 Stabit,
469 1289 509 1323 et
540 1283 725 1322 auxilium
758 1284 961 1334 promittet
992 1283 1133 1322 Achaia
1159 1283 1322 1337 Troiae,

283 1343 435 1394 Quam,
469 1348 647 1381 cessante
679 1353 765 1380 meo
797 1353 868 1393 pro
901 1343 1042 1381 vestris
1073 1348 1234 1394 pectore
1266 1343 1409 1396 rebus,

281 1402 408 1440 Aiacis
441 1400 571 1440 stolidi
602 1399 742 1439 Danais
774 1399 945 1439 sollertia
975 1402 1121 1452 prosit.

283 1460 344 1499 Sis
376 1459 468 1499 licet
499 1459 666 1498 infestus
698 1459 815 1498 sociis
847 1461 1008 1510 regique
1041 1459 1234 1512 miliique,

282 1518 387 1558 Dure
418 1517 664 1570 Philoctete3
695 1517 786 1557 licet
817 1529 1022 1557 exsecrere
1042 1550 1052 1570 ,
1084 1530 1292 1570 meumque

196 1585 262 1617 330
283 1577 479 1616 Devoveas
512 1578 596 1615 sine
627 1577 704 1615 fine
737 1582 876 1629 caput,
908 1578 1120 1628 cupiasque
1153 1577 1299 1616 dolenti

281 1636 342 1675 Me
374 1635 445 1675 tibi
478 1636 577 1674 forte
610 1635 722 1687 dari,
754 1640 1011 1686 nostrumque
1043 1635 1201 1675 haurire
1234 1647 1440 1677 cruorem:

284 1694 432 1745 [thue
465 1695 523 1733 tui
554 1693 679 1746 mihi,
711 1694 766 1732 sic
798 1693 864 1732 fiat
896 1693 967 1732 tibi
999 1695 1109 1745 copia
1141 1693 1308 1745 nostri]

282 1753 337 1792 Te
370 1758 500 1792 tamen
532 1752 764 1805 aggrediar,
795 1764 1028 1803 mecumque
1060 1752 1251 1792 reducere
1282 1754 1408 1794 nitar:

284 1811 458 1862 Tamque
492 1812 569 1850 tuis
600 1812 757 1863 potiar,
789 1810 914 1850 faveat
944 1810 1116 1850 Fortuna
1136 1843 1147 1863 ,
1179 1813 1354 1865 sagittis,

196 1878 262 1910 335
285 1870 410 1916 Quam
442 1881 529 1908 sum
562 1869 753 1908 Dardanio
772 1900 783 1922 ‚
816 1881 933 1920 quem
965 1871 1080 1922 cepi,
1111 1874 1196 1909 vate
1227 1871 1400 1924 potitus3

285 1928 409 1974 Quam
441 1939 630 1979 responsa
663 1928 779 1966 deum
810 1927 1056 1978 Troianaque
1090 1928 1165 1967 fata
1197 1930 1346 1981 retexi3

285 1987 410 2033 Quam
441 1988 554 2038 rapui
583 1986 773 2038 Phrygiae
805 1988 959 2037 sIgnum
991 1986 1190 2037 penetrale
1222 1986 1417 2027 Minervae

284 2045 472 2084 Hostibus
505 2057 525 2084 e
556 2045 723 2084 mediis.
762 2050 801 2084 et
832 2057 873 2083 se
906 2044 1000 2083 mihi
1032 2050 1231 2096 comparat
1261 2044 1389 2085 Aiax?

285 2103 434 2155 Nempe
467 2104 552 2155 capi
584 2103 741 2142 Troiam
772 2102 1033 2155 prohibebant
1064 2103 1140 2142 fata
1172 2105 1255 2142 sine
1287 2103 1374 2144 illo.

197 2170 265 2202 340
287 2162 417 2201 Fortis
450 2160 517 2201 ubi
550 2167 610 2201 est
640 2162 734 2201 Aiax
754 2159 775 2201 3>
806 2161 873 2201 ubi
905 2167 997 2200 sunt
1028 2163 1200 2213 ingentia
1230 2164 1359 2213 magni

285 2219 410 2259 Verba
442 2221 516 2259 viri
535 2217 557 2259 ‘r’
589 2232 659 2259 cur
690 2220 754 2259 hic
786 2221 927 2259 metuis
947 2217 968 2259 ⁸?
1001 2232 1071 2259 cur
1103 2220 1220 2259 audet
1251 2220 1381 2260 Ulixes

285 2278 346 2316 lre
378 2290 449 2329 per
481 2277 665 2317 excubias
698 2284 737 2318 et
768 2290 810 2317 se
843 2279 1087 2318 committere
1118 2280 1248 2332 nocti,

285 2336 441 2388 Perque
473 2337 578 2375 feros
611 2348 725 2376 enses
757 2348 836 2375 non
868 2342 1017 2376 tantum
1050 2338 1203 2376 moenia
1234 2337 1411 2390 Troum,
