1554 2563
167 141 249 175 XIV

165 251 526 300 καταεκηνοῡνταε
577 247 646 300 ἐφ’
688 249 806 290 {ibono
856 251 1045 291 πολλοῖς.
1168 267 1173 271 ·
1234 250 1313 291 131
1360 262 1503 293 RlGUA

166 318 428 349 COGNOSCIT
473 319 522 348 IN
566 318 750 349 ARBORE
802 318 1008 350 FORMAM.
1075 312 1341 350 coniecturam
1389 313 1504 362 posui

165 370 413 418 quarundam
450 369 605 407 Heinsii
648 369 879 408 similiorem
921 382 1039 419 quam
1075 371 1177 420 veri3
1219 370 1384 409 vitalem
1426 383 1505 409 non

165 429 272 476 puto.
332 427 478 466 dixeris
522 428 602 466 tale
647 428 796 477 aliquid
839 428 989 478 requiri
1033 429 1248 467 secundum
1285 442 1321 467 v.
1349 430 1421 479 90,
1465 433 1505 468 et

164 488 294 534 riguos
319 487 454 534 hortos,
485 487 621 534 riyuas
650 487 773 525 ulmos
803 487 872 536 qui
903 487 1085 537 dixerint,
1116 487 1266 525 habent
1296 488 1432 537 lexioa,
1465 491 1505 526 et

163 546 249 583 visa
287 547 329 583 in
366 546 501 584 arbore
539 545 643 594 quod
673 545 714 582 M
744 545 929 595 praebet,
969 546 1144 583 ieiunum
1182 558 1226 584 ao
1264 546 1394 584 debile
1431 550 1503 596 est,

165 605 206 641 et
236 603 418 652 profecta
455 616 502 642 ea
532 617 608 642 vox
645 604 694 641 ab
735 604 1088 653 interpolatoribus
1120 604 1224 642 infra
1257 606 1351 643 676.
1403 607 1503 643 atta-

163 674 254 700 men
290 662 375 711 ipse
413 664 532 711 poeta
568 663 609 700 in
646 674 691 700 eo
729 663 938 712 participio
982 663 1210 711 usurpando
1255 664 1404 701 multus
1443 666 1504 702 est

162 732 234 759 nec
270 721 417 770 ubique
453 721 563 758 felix:
615 729 668 758 111
695 722 778 759 428
826 722 858 759 si
900 721 1108 759 emendare
1145 720 1283 759 itidem
1320 724 1504 771 temptes,

164 780 290 817 restat
332 782 466 817 tamen
503 781 640 817 11443
683 781 766 818 770
807 781 888 818 778
929 775 1054 832 (780)
1092 788 1144 817 111
1171 781 1252 818 173
1295 781 1375 818 185
1417 783 1501 819 416

164 839 247 876 492
293 839 374 876 725
420 846 468 875 iv
496 840 578 876 146
620 839 702 875 316
744 839 825 876 713
871 847 901 876 v
929 839 1010 876 209
1056 840 1215 876 V1554
1260 847 1327 876 vn
1355 841 1407 877 86
1454 848 1503 878 1x

167 897 260 934 196.
323 896 472 945 poterit
516 896 674 934 admitti
716 897 840 935 visam
877 898 918 935 in
955 898 1090 935 arbore
1127 898 1295 944 formam
1337 910 1384 935 ex
1424 898 1503 936 LE.

255 952 342 993 260
373 955 585 1005 NYMPHA,
617 962 774 993 PARUM
806 963 1016 994 PATIENS.
1065 955 1326 1003 Nimplzarum
1348 958 1504 1004 patiens

162 1014 249 1051 ML.
299 1014 525 1063 corruptela
561 1026 639 1051 non
669 1014 787 1063 longe
825 1014 980 1052 abludit
1017 1013 1066 1052 ab
1098 1014 1167 1052 illo
1199 1026 1361 1064 genere,
1400 1016 1504 1064 quod

162 1074 276 1121 patet
315 1073 357 1110 in
385 1066 433 1109 M
465 1081 513 1110 IX
535 1074 618 1110 253
657 1074 825 1110 immune
860 1073 975 1111 simul
1011 1073 1193 1120 nullaque
1228 1086 1298 1122 pro
1336 1075 1504 1113 immune

163 1130 301 1179 (ne)eis
336 1132 406 1168 nul
442 1132 640 1179 nullaque,
678 1139 728 1169 xl
750 1133 801 1169 71
838 1130 983 1179 Quippe
1019 1132 1110 1169 dam
1147 1132 1220 1179 diy.
1252 1145 1324 1180 pro
1358 1132 1505 1181 Quippe

160 1190 317 1236 pedam,
363 1198 411 1227 IV
439 1190 520 1228 562
555 1191 715 1228 summis
756 1190 938 1228 mineides
980 1202 1051 1238 pro
1095 1191 1255 1228 summis
1291 1192 1502 1230 ismenides.

160 1260 304 1295 parum
340 1249 495 1296 patiens
538 1248 615 1286 fuit
659 1260 834 1286 amorum
877 1243 976 1299 (XIV
1004 1243 1078 1299 39)
1122 1249 1355 1299 infelicium,
1400 1250 1503 1299 quod

163 1307 426 1355 supplendum
463 1319 484 1344 e
520 1319 640 1345 versu
678 1307 899 1356 superiore,
937 1306 999 1357 uti
1035 1307 1157 1344 habes
1196 1315 1276 1345 XIV
1298 1309 1380 1346 716
1412 1308 1503 1347 Non

163 1365 247 1403 tulit
286 1367 489 1413 impatiens
526 1366 628 1413 lonyi
664 1368 850 1404 tormenta
885 1365 1043 1413 doloris,
1086 1366 1151 1404 vel
1189 1366 1502 1415 intellegendum

164 1423 267 1472 quod
287 1435 518 1472 expressum
537 1432 623 1461 X111
642 1424 739 1473 859,
769 1427 998 1471 contemptus
1018 1434 1134 1462 essem
1152 1426 1360 1471 patientior
1378 1425 1501 1464 huius.

281 1479 364 1520 388
398 1489 609 1520 INCESTO.
658 1483 809 1529 incerto,
843 1482 988 1531 scripto
1020 1495 1041 1520 r
1065 1482 1107 1519 in
1136 1494 1287 1531 rasura,
1319 1483 1370 1520 M.
1421 1496 1501 1522 cor-

165 1552 342 1578 rexeram
384 1541 538 1589 pridem
577 1552 624 1578 ex
662 1549 725 1578 XV
747 1541 848 1579 319:
893 1540 1021 1589 possit
1063 1541 1110 1578 de
1154 1541 1291 1579 eodem
1335 1542 1500 1591 cogitari

163 1607 212 1637 lx
234 1601 330 1637 630.
450 1596 535 1637 408
569 1607 807 1645 TENUIQUE
834 1606 1060 1637 mcmmrr
1087 1607 1321 1637 BRACCHIA
1347 1606 1500 1638 PINNA.

162 1658 323 1696 includit
352 1658 392 1695 in
419 1658 624 1706 proeodosi
650 1670 670 1696 e
696 1658 736 1695 M
762 1670 824 1695 me
856 1657 1010 1696 dedisse
1042 1659 1278 1707 putaverim,
1311 1660 1350 1696 et
1373 1661 1501 1706 pinna

166 1717 403 1765 scripseram
436 1717 650 1754 seeundum
681 1716 782 1754 Plin.
815 1716 863 1753 N.
889 1717 927 1753 h.
959 1725 991 1754 x
1014 1717 1114 1754 168:
1145 1718 1502 1764 vespertilio—eui

164 1777 197 1812 et
227 1776 538 1813 membranaceae
561 1777 709 1822 pinnae
739 1777 824 1821 uni,
858 1786 927 1812 neo
958 1774 1240 1824 intellegebam
1271 1775 1502 1824 lanuginem

164 1835 234 1870 aut
270 1833 461 1882 quidquid
491 1844 644 1881 pennae
681 1833 809 1871 simile
849 1834 972 1882 esset,
1011 1832 1078 1870 sed
1116 1833 1387 1872 membranam
1417 1835 1500 1883 pin-

162 1893 256 1929 nata
293 1892 439 1941 figura,
477 1892 604 1940 qualis
637 1900 671 1929 11
699 1893 781 1929 375
813 1893 994 1929 iunctura
1030 1891 1246 1940 digitorum
1283 1894 1323 1930 et
1361 1893 1500 1942 qualis,

165 1953 271 1999 puto,
304 1950 551 1988 informanda
582 1951 644 1988 est
675 1950 872 1988 alatorum
897 1949 1110 1987 draconum
1135 1949 1296 1988 Medeae
1329 1959 1395 1988 vll
1417 1953 1499 1989 234

164 2010 248 2046 350
281 2010 384 2058 391,
429 2009 503 2047 etsi
548 2008 763 2057 scripturas
801 2020 868 2046 eas
906 2009 1060 2045 mutare
1104 2019 1182 2046 non
1224 2010 1368 2058 ausim,
1413 2022 1499 2047 cum

160 2079 308 2114 pennae
345 2067 466 2105 etiam
504 2067 583 2105 sint
620 2068 770 2116 apium:
815 2066 893 2104 nisi
935 2066 1037 2103 forte
1081 2067 1212 2105 ubivis
1250 2068 1498 2105 scribendum

160 2127 282 2172 pinna
327 2137 415 2163 cum
458 2125 627 2175 Vergilii
670 2124 811 2163 codice.
961 2121 1047 2162 454
1092 2123 1283 2170 CUMQUE
1327 2133 1424 2165 SUIS
1448 2147 1495 2152 —-

164 2190 435 2221 PECTEBANT
482 2191 697 2222 cmmssus
741 2190 938 2221 ANGUES.
999 2182 1130 2230 Deque
1178 2186 1260 2221 suis
1308 2185 1501 2222 librorum

162 2242 278 2280 nimis
326 2242 422 2279 mihi
471 2243 663 2280 absonum
705 2242 846 2280 visum.
909 2242 1065 2279 alternis
1113 2242 1290 2280 inmixtos
1333 2244 1501 2281 crinibus

163 2312 305 2348 anyaes
354 2301 460 2349 gerit
508 2300 673 2338 Medusa
727 2300 831 2337 infra
883 2300 978 2338 792.
1051 2298 1219 2346 πρῶτος
1269 2298 1314 2339 δέ
1365 2311 1500 2348 (φιειν

165 2355 364 2405 Αἰεχύλοε
403 2354 636 2406 δράκοντα(
676 2355 870 2406 ἑποίηεεν
908 2353 1014 2404 ὁμοῦ
1046 2357 1137 2395 ταῖς
1176 2354 1222 2396 ἑν
1253 2359 1302 2409 τῇ
1336 2358 1498 2410 κεφαλῇ
