1554 2563
583 129 614 164 X
631 157 641 173 ‚
667 132 853 165 580—650
868 156 875 163 .
1010 140 1192 163 ATALANTE
1313 125 1398 168 213

176 239 301 292 Quid,
333 239 437 291 quod
468 241 573 279 inest
602 240 727 278 virtus
760 244 801 278 et
832 251 942 278 mens
974 239 1154 277 interrita
1186 234 1294 277 leti?

176 298 301 351 Quid,
333 298 436 349 quod
463 298 510 337 ab
537 310 730 349 aequorea
763 303 993 336 numeratur
1018 298 1168 348 origine
1202 293 1401 348 quartus?

176 357 301 410 Quid,
334 358 439 408 quod
470 363 601 409 amat,
633 358 808 407 tantique
842 363 953 408 putat
985 355 1151 395 conubia
1183 350 1341 408 nostra,

176 415 225 455 Ut
255 423 419 469 pereat,
451 417 484 454 si
515 428 577 454 me
610 416 690 454 fors
721 415 777 454 illi
809 415 905 454 dura
938 412 1129 466 negarit?

86 483 154 514 620
175 474 275 514 Dum
313 474 433 527 lieet,
471 474 644 527 hospes,
681 474 772 527 abi,
810 474 1078 525 thalamosque
1116 473 1294 524 relinque

1191 538 1399 571 cruentos.

174 591 408 644 Coniugium
441 592 600 631 crudele
633 604 764 631 meum
796 598 857 631 est
876 623 884 631 .
923 591 994 631 tibi
1026 591 1175 631 nubere
1209 590 1311 629 nulla

173 650 316 703 Nolet3
348 658 388 690 et
419 653 546 703 optari
578 657 690 702 potes
723 664 743 689 a
775 652 951 702 sapiente
983 650 1133 702 puella.

174 709 253 748 Cur
279 716 407 749 tamen
429 716 489 749 est
514 710 608 748 mihi
635 722 729 749 cura
755 711 836 763 tui,
862 716 920 749 tot
945 711 1020 748 iam
1041 715 1129 748 ante
1155 705 1401 760 peremptis⁹

174 767 349 808 Viderit!
386 770 583 821 intereat,
615 770 799 819 quoniam
832 775 889 808 tot
920 768 1037 807 caede
1070 779 1282 819 procorum

85 833 152 866 625
172 827 404 867 Admonitus
436 839 515 866 non
547 833 636 879 est,
668 829 876 878 agiturque
908 829 947 866 in
980 827 1104 866 taedia
1136 829 1258 866 vitae.
1285 848 1341 854 —-

173 885 336 925 Occidet
366 886 430 925 hic
461 887 610 939 igitur,
642 886 764 925 voluit
796 888 886 937 quia
918 888 1047 925 vivere
1079 898 1258 938 meeum,

173 944 453 996 Indignamque
486 957 623 984 necem
655 947 826 996 pretium
857 946 1029 996 patietur
1061 946 1204 984 amoris
1223 941 1245 983 ?

173 1003 259 1042 Non
291 1005 367 1043 erit
397 1004 563 1042 invidiae
597 1005 758 1043 victoria
790 1009 924 1043 nostra
956 1004 1164 1043 ferendae.

174 1061 250 1101 Sed
283 1074 361 1102 non
393 1063 508 1114 eulpa
539 1074 624 1101 mea
656 1069 743 1102 est.
783 1065 932 1102 utinam
964 1063 1156 1102 desistere
1187 1061 1335 1102 velles!

84 1128 151 1161 630
172 1123 248 1174 Aut
266 1152 278 1174 ‚
309 1123 495 1172 quoniam
520 1133 562 1160 es
588 1121 749 1160 demens
768 1152 779 1174 ,
811 1124 959 1160 utinam
992 1121 1163 1160 velocior
1192 1120 1323 1160 essesl
1346 1142 1398 1150 -

171 1183 221 1218 At
253 1192 369 1231 quam
401 1181 599 1231 virgineus
631 1180 772 1231 puerili
805 1180 935 1219 vultus
967 1182 1007 1219 in
1039 1192 1107 1220 ore
1140 1180 1228 1220 est!

171 1237 230 1278 A!
263 1240 383 1277 miser
415 1238 689 1292 Hippomene,
721 1239 864 1278 nollem
896 1238 968 1278 tibi
998 1241 1079 1279 visa
1112 1238 1303 1279 fuissem!

170 1296 309 1336 Vivere
341 1298 483 1349 dignus
514 1309 601 1336 eras
622 1329 630 1337 .
670 1298 773 1349 quod
806 1299 839 1336 si
871 1297 1021 1337 felicior
1054 1310 1206 1352 essem,

170 1355 252 1395 Nee
283 1356 378 1395 mihi
410 1357 635 1407 coniugium
668 1358 742 1396 fata
775 1358 984 1408 inportuna
1018 1364 1229 1410 negarent,

83 1422 150 1454 635
171 1414 281 1454 Unus
313 1427 400 1454 eras
418 1447 430 1467 ‚
462 1427 553 1453 eum
586 1427 663 1466 quo
696 1417 845 1454 sociare
878 1415 1021 1454 cubilia
1053 1416 1192 1455 vellem
1207 1413 1263 1454 .'’'

171 1472 357 1513 Dixerat:
389 1480 511 1525 utque
544 1474 653 1512 rudis
672 1506 683 1526 ‚
714 1476 920 1525 primoque
954 1474 1145 1525 Cupidine
1177 1481 1302 1528 tacta,

172 1532 274 1578 Quid
306 1532 420 1585 facit,
451 1534 659 1585 ignorans,
691 1539 793 1571 amat
818 1539 857 1571 et
882 1545 960 1571 non
993 1534 1113 1572 sentit
1144 1545 1338 1573 amorem.

172 1590 253 1630 Iam
286 1590 421 1630 solitos
453 1596 624 1642 poscunt
655 1603 796 1630 cursus
827 1591 1074 1643 populusque
1106 1598 1320 1644 paterque:

171 1650 269 1688 Cum
301 1661 363 1688 me
396 1649 561 1689 sollicita
592 1650 723 1701 proles
755 1649 949 1701 Neptunia
981 1663 1076 1690 voce

84 1717 152 1749 640
164 1708 324 1748 Invocat
355 1708 651 1761 Hippomenes,
683 1706 938 1760 “‘Cytherea'
973 1722 1048 1761 que
1082 1707 1352 1763 ‘comprecor,

1293 1770 1398 1808 ausis

172 1823 292 1865 Assit'
324 1827 378 1865 ait
409 1824 570 1865 ‘nostris
602 1832 642 1866 et
673 1839 772 1878 quos
803 1827 911 1866 dedit
929 1860 940 1880 ,
972 1828 1127 1867 adiuvet
1157 1829 1267 1879 ignes
1282 1825 1339 1866 .'''

172 1884 321 1924 Detulit
352 1897 446 1924 aura
476 1897 615 1936 preces
648 1885 694 1924 ad
727 1897 788 1924 me
822 1898 899 1924 non
931 1886 1058 1925 invida
1091 1886 1275 1938 blandas3

172 1944 353 1995 Motaque
386 1955 497 1996 sum,
530 1945 653 1983 fateor
674 1975 682 1984 .
721 1956 793 1983 nec
819 1946 903 1996 opis
929 1957 1036 1984 mora
1069 1945 1182 1996 longa
1215 1944 1397 1985 dabatur.

172 2001 243 2041 Est
274 2014 396 2055 ager,
426 2002 632 2054 indigenae
664 2003 922 2042 Tamasenum
956 2005 1112 2042 nomine
1146 2004 1282 2044 dieunt
1299 2036 1311 2056 ,

85 2068 152 2100 645
173 2060 342 2100 Telluris
375 2060 538 2112 Cypriae
570 2073 660 2113 pars
692 2064 836 2113 optima
855 2094 866 2114 ‚
899 2075 1013 2112 quam
1046 2063 1140 2101 mihi
1171 2063 1292 2114 prisci

176 2119 386 2159 Saeravere
420 2132 563 2173 senes,
595 2120 829 2172 templisque
862 2120 1050 2160 accedere
1082 2121 1214 2160 dotem

172 2178 282 2217 Hane
312 2180 465 2218 iussere
497 2180 622 2218 meis.
661 2179 789 2218 medio
821 2181 920 2218 nitet
951 2179 1068 2218 arbor
1098 2181 1139 2219 in
1171 2192 1285 2232 arvo,

173 2237 294 2276 Fulva
325 2249 476 2276 comam
495 2269 506 2290 ,
538 2238 642 2277 fulvo
674 2239 793 2276 ramis
826 2238 1111 2289 crepitantibus
1142 2250 1261 2277 auro.

175 2295 274 2335 Hinc
306 2297 381 2335 tria
413 2297 514 2336 forte
545 2309 630 2335 mea
662 2298 823 2335 veniens
855 2297 1039 2349 decerpta
1071 2296 1243 2336 ferebam

86 2362 154 2394 650
173 2358 300 2394 Aurea
331 2367 446 2407 poma
477 2367 623 2395 manu:
655 2355 829 2407 nullique
861 2355 1025 2395 videnda
1057 2357 1132 2395 nisi
1162 2357 1238 2408 ipsi
