1554 2563
570 79 603 116 V
618 107 627 125 ,
652 83 836 116 208-281
855 108 862 116 .
993 93 1206 116 affrocnsma
1332 80 1389 123 95

76 199 142 230 245
164 191 333 231 Exerces
366 190 496 230 odium
516 222 528 243 ,
558 203 632 231 nec
662 191 794 242 iniqua
826 191 914 230 finis
945 191 984 230 in
1016 192 1073 230 ira
1106 196 1188 230 est.

164 249 366 290 Detrectas
398 251 514 289 etiam
545 249 729 302 laudem,
761 250 968 300 fictamque
1000 249 1182 289 Medusae

165 309 308 360 Arguis
341 321 426 348 esse
459 320 624 349 necem.
664 305 857 348 ‘dabimus
890 307 960 347 tibi
991 310 1152 360 pignera
1185 309 1287 348 veri.

164 367 317 407 Parcite
348 367 561 407 luminibus
581 364 606 406 !’
639 366 808 406 Perseus
840 368 922 419 ait,
954 378 1100 418 oraque
1132 368 1237 418 regis
1277 375 1307 401 ί.
1326 375 1387 400 Μ.

166 425 244 466 Ore
276 425 484 465 Medusaeo
516 425 666 465 silicem
699 427 782 465 sine
815 427 1003 477 sanguine
1037 426 1152 465 fecit.

76 493 144 524 250
222 484 419 524 Hactenus
452 486 659 536 aurigenae
692 485 876 524 comitem
905 483 1081 523 Tritonia
1114 485 1224 523 fratri

165 543 215 583 Se
248 543 382 583 dedit.
421 543 510 582 inde
544 555 634 583 cava
666 543 906 582 circumdata
938 541 1041 582 nube
1076 542 1270 594 Seriphon

164 601 347 655 Deserit,
379 614 400 641 a
431 601 567 641 dextra
600 601 749 653 Cythno
783 601 989 653 Gyaroque
1021 601 1194 653 relictis,

167 661 328 712 Quaque
361 673 481 713 super
512 666 677 713 pontum
708 662 767 700 via
799 662 879 699 visa
910 660 1169 714 brevissima,
1201 659 1354 699 Thebas

164 719 471 771 virgineumque
503 719 690 759 Helicona
721 721 849 772 petit.
888 731 964 771 quo
998 725 1129 759 monte
1161 720 1283 771 potita

79 786 144 818 ‘255
162 777 375 830 Constitit,
407 784 447 818 et
478 778 613 818 doctas
645 780 701 818 sic
734 785 794 817 est
825 778 936 817 affata
968 790 1149 817 sorores:

167 835 297 876 ‘Fama
329 839 419 876 novi
452 837 570 876 sontis
603 844 758 876 nostras
791 838 970 889 pervenit
1002 836 1047 875 ad
1081 849 1219 890 aures,

166 895 269 936 Dura
301 896 500 936 Medusaei
532 908 648 947 quem
680 897 876 948 praepetis
908 895 1053 947 ungula
1084 897 1212 947 rupit.

165 955 201 995 Is
234 955 328 994 mihi
361 967 475 994 causa
508 956 620 994 viae.
658 954 762 994 volui
794 954 970 994 mirabile
1004 955 1149 993 factum

168 1013 368 1054 Cernere.
407 1014 484 1053 vidi
516 1015 645 1065 ipsum
677 1020 854 1053 materno
887 1015 1075 1064 sanguine
1108 1009 1255 1051 nasci.’

80 1081 147 1112 260
168 1072 323 1125 Excipit
354 1072 497 1112 Uranie
531 1070 817 1124 ‘quaecumque
850 1078 910 1111 est
942 1083 1057 1110 causa
1088 1070 1244 1110 videndi

166 1131 243 1170 Has
275 1131 346 1171 tibi
364 1163 375 1183 ,
407 1131 492 1170 diva
511 1163 522 1183 ‚
555 1131 689 1170 domos
709 1163 721 1184 ‚
752 1132 880 1170 animo
912 1131 1132 1181 gratissima
1164 1135 1320 1169 nostro.

168 1190 266 1230 Vera
298 1196 427 1230 tamen
460 1190 560 1229 fama
590 1196 680 1242 est,
711 1195 751 1229 et
780 1190 953 1241 Pegasus
985 1189 1102 1228 huius
1129 1190 1237 1240 origo

166 1246 316 1288 Fontis'
343 1254 383 1288 et
413 1248 459 1288 ad
491 1249 625 1288 latices
658 1247 819 1287 deduxit
849 1247 1003 1287 Pallada
1035 1259 1190 1286 sacros.

168 1307 275 1354 Quae
307 1309 446 1347 mirata
471 1306 539 1346 diu
571 1308 690 1346 factas
716 1307 827 1359 pedis
857 1306 1001 1346 ictibus
1032 1306 1181 1358 undas,

82 1373 148 1406 265
171 1366 364 1406 Silvarum
395 1366 505 1406 lucos
538 1367 805 1418 circumspicit
836 1367 1110 1418 antiquarum,

168 1427 365 1476 Antraque
398 1431 438 1464 et
467 1427 685 1464 innumeris
717 1425 919 1464 distinctas
951 1423 1113 1463 floribus
1145 1422 1310 1462 herbas:

168 1483 397 1535 Felicesque
430 1489 541 1523 vocat
571 1485 718 1535 pariter
750 1483 959 1534 studioque
991 1483 1156 1533 locoque

168 1541 464 1582 Mnemonidas.
503 1553 619 1593 quam
650 1543 706 1581 sic
739 1543 850 1581 affata
882 1547 943 1580 est
974 1553 1049 1581 una
1083 1552 1287 1580 sororum:

171 1599 216 1640 Ὃ
237 1632 248 1654 ,
279 1602 356 1640 nisi
387 1606 425 1640 te
457 1602 581 1640 virtus
609 1613 727 1652 opera
759 1600 804 1639 ad
837 1602 984 1639 maiora
1015 1599 1194 1651 tulisset,

82 1659 212 1700 2701n
245 1666 397 1712 partem
428 1665 592 1699 ventura
624 1659 734 1698 chori
765 1659 942 1698 Tritonia
974 1660 1124 1712 nostri,

169 1717 266 1758 Vera
298 1719 424 1758 refers
442 1749 454 1771 ,
486 1719 704 1770 meritoque
736 1717 879 1770 probas
911 1723 1094 1768 artesque
1126 1716 1359 1767 locumque:

170 1777 220 1816 Et
250 1783 398 1829 gratam
431 1783 607 1830 sortem,
639 1782 746 1817 tutae
779 1776 893 1816 modo
927 1778 1079 1828 simus,
1110 1775 1322 1814 habemus.

172 1835 248 1875 Sed
269 1857 324 1865 —
344 1837 506 1875 vetitum
533 1842 593 1875 est
618 1835 713 1874 adeo
735 1835 873 1875 sceleri
903 1834 999 1874 nihil
1021 1855 1071 1862 —
1095 1835 1224 1873 omnia
1244 1839 1396 1873 terrent

170 1893 370 1946 virgineas
402 1900 585 1947 mentes,
616 1894 804 1944 dirusque
838 1899 926 1932 aute
959 1905 1026 1932 ora
1058 1892 1259 1944 Pyreneus

94 1956 158 1989 ‘375
171 1952 345 1993 Vertitur
364 1985 375 2006 ,
407 1959 447 1993 et
477 1952 650 1992 nondum
683 1958 763 1992 tota
795 1964 856 1991 me
889 1957 1018 1991 mente
1052 1952 1206 2002 recepi.

171 2011 332 2052 Daulida
362 2011 544 2051 Threicio
576 2011 809 2062 Phoceaque
841 2010 962 2049 milite
995 2021 1087 2049 rura

170 2070 338 2122 Ceperat
368 2070 432 2109 ille
465 2071 574 2110 ferox
593 2102 604 2122 ,
635 2072 858 2121 iniustaque
890 2080 1010 2120 regna
1042 2066 1224 2107 tenebat.

170 2128 332 2181 Templa
362 2129 592 2181 petebamus
625 2128 839 2168 Parnasia:
870 2127 966 2166 vidit
997 2133 1159 2179 euntes,

172 2186 392 2238 Nostraque
425 2187 551 2227 fallaci
582 2194 790 2226 veneratus
823 2187 983 2226 numina
1014 2184 1123 2224 vultu

84 2253 152 2286 280
174 2242 472 2285 “Mnemonidas
491 2242 518 2299 ,'
551 2252 738 2297 cognorat
770 2246 873 2284 enim
892 2276 903 2297 ‚
937 2241 1156 2283 ‘consistite
1175 2239 1202 2296 ‚'
1234 2243 1331 2282 dixit

174 2300 269 2345 ‘Nec
288 2303 486 2358 dubitate,
506 2316 671 2357 precor,
691 2309 794 2343 tecto
815 2314 930 2356 grave
951 2302 1059 2342 sidus
1079 2308 1118 2342 et
1137 2298 1318 2341 imbrem’
1341 2322 1393 2330 -·-
