1554 2563
1353 93 1401 128 IX

66 209 142 246 fuit
179 204 315 255 Φηγία
354 206 568 246 secundum
605 206 775 244 Pausan.
813 214 898 244 vul
926 206 979 243 24
1019 206 1044 242 2
1082 208 1123 243 et
1161 207 1204 254 8,
1245 202 1403 253 Φήγεια

67 267 281 305 secundum
305 265 576 304 Herodianum
601 272 617 302 1
648 277 685 313 p.
707 265 803 313 280,
838 265 903 302 10.
954 263 1003 301 ab
1035 264 1108 301 hoo
1140 265 1201 301 est
1219 263 1404 310 Pheyezus

66 333 116 363 IX
147 326 250 373 412,
289 325 338 362 ab
375 324 443 362 illo
475 324 696 371 Pheyiacus.
744 334 824 360 non
855 334 953 371 opus
986 324 1048 359 est
1078 321 1200 359 rediri
1231 321 1282 358 ad
1314 320 1404 359 Gla-

66 383 177 422 reani
207 383 476 431 Psoplziacum,
517 382 621 431 quod
658 380 828 419 debebat
865 392 952 418 esse
983 380 1249 428 Psophidium,
1281 379 1405 418 Hero-

66 442 168 480 dian.
202 450 235 479 11
266 455 303 490 p.
332 442 428 490 883,
461 442 498 490 2,
530 440 606 478 etsi
631 439 795 478 Ovidius
824 452 848 477 a
871 439 1034 477 Phocide
1063 439 1158 476 fecit
1177 438 1406 477 Plzocaicum

66 509 101 539 11
130 502 212 539 560
253 503 293 538 et
330 500 517 537 Phoceum
552 498 642 536 Am.
674 506 708 536 11
736 500 758 536 6
796 499 860 536 15.
980 493 1065 535 399
1104 504 1404 543 sriimLOQnE

67 566 252 598 DOLENS
278 566 338 596 ΕΤ
365 565 580 595 VERBERE
609 564 795 606 SAEVIT,
826 556 1010 605 SAEVIT,
1040 563 1170 594 ERUM
1183 577 1251 593 -—.
1302 556 1405 605 quod

65 620 107 656 in
138 617 345 667 proecdosi
376 616 572 662 dederam,
604 616 823 665 petiveram
854 627 900 653 ex
932 615 1109 652 codicum
1140 614 1263 652 trium
1287 614 1405 652 Hein-

66 677 116 715 sii
142 677 340 725 scriptura
365 675 470 724 apud
494 674 685 712 Jahnium
710 674 868 712 omissa.
911 674 1085 711 stimulos
1108 673 1161 722 M,
1192 673 1406 722 inutiliter-3

66 735 207 774 deinde
238 734 368 772 Saevit
398 735 498 772 enim
530 745 665 771 omnes
696 732 800 770 libri.
851 732 997 770 sustuli
1027 731 1181 778 vitium,
1213 732 1318 781 quod
1349 745 1406 769 re-

65 793 126 833 dit
149 802 216 832 VII
239 794 334 842 687,
366 795 452 830 tum
482 791 711 841 interpunxi
734 793 826 840 post
850 792 981 834 saevit,
1013 802 1114 839 quae
1137 790 1298 839 virgula
1322 791 1407 828 loco

66 854 173 891 esset
204 851 423 901 particulae
455 850 703 900 copulativae
734 850 776 887 in
805 850 923 887 huius
953 849 1061 887 modi
1091 849 1294 897 anaphora
1319 849 1407 886 sub-

67 911 180 960 sequi
214 911 371 949 solitae:
410 918 440 947 V
467 910 550 948 539
585 910 667 947 542
710 911 749 946 et
779 916 867 946 XIII
889 908 973 946 580
1006 908 1088 945 582
1122 908 1281 945 vidit—
1305 907 1409 946 Vidit

67 974 117 1019 et,
154 977 235 1008 x1v
258 970 340 1007 698
377 969 460 1007 700
488 968 716 1006 Viderat—
735 966 892 1005 Viderat
917 969 967 1015 et,
1004 974 1091 1004 X111
1111 967 1195 1003 427
1223 967 1308 1003 428
1336 968 1408 1004 cri-

69 1040 220 1066 nem—
234 1029 375 1066 crinem
394 1027 657 1074 lacrimasque.
691 1021 817 1063 ‘erum
836 1025 999 1073 insuper
1017 1024 1199 1062 habitum
1224 1024 1408 1073 obiectat,

68 1089 207 1125 natum
237 1086 440 1135 perditum
470 1080 668 1134 imputat?
799 1080 884 1121 497
920 1091 1012 1120 TER
1044 1090 1254 1129 QUINQUE
1286 1091 1407 1121 FERE

67 1151 330 1184 NATALIBUS
362 1151 554 1182 Auc'rns.
608 1143 665 1181 ita
704 1141 906 1191 dederam,
944 1142 1049 1191 quod
1079 1142 1120 1178 M
1156 1143 1237 1189 fere
1273 1153 1296 1179 a
1333 1154 1408 1179 ma.

67 1218 147 1255 pr.,
185 1206 429 1253 postremam
460 1214 596 1240 vocem
634 1213 789 1240 erasam
820 1201 967 1238 habere
997 1200 1225 1238 notabatur.
1275 1212 1409 1239 annos.

67 1264 194 1310 annis,
226 1263 320 1300 actis
349 1261 495 1310 reliqui
524 1260 629 1298 libri.
678 1263 880 1298 crescentes
911 1260 1006 1297 anni
1037 1260 1130 1296 sunt
1159 1267 1192 1297 x
1213 1260 1279 1297 24.

70 1318 155 1360 774
185 1314 474 1366 VULTUMQI'JE
508 1327 639 1357 imm
670 1326 732 1356 AD
760 1325 970 1357 SUSP1R1A
1001 1325 1161 1356 Duxrr.
1206 1319 1286 1356 ima
1317 1313 1410 1369 (hoc

67 1381 109 1418 in
138 1391 214 1418 ras.
247 1391 270 1417 a
300 1391 376 1416 ma.
408 1390 483 1416 sec.
508 1373 568 1429 M)
600 1378 652 1416 acl
681 1378 864 1424 suspiria,
897 1377 989 1414 deae
1020 1377 1071 1414 acl
1101 1377 1273 1423 suspiria
1303 1376 1410 1425 libri,

69 1439 239 1479 alterum
269 1438 334 1475 vix
372 1437 468 1475 satis
506 1436 648 1485 latine,
685 1436 856 1473 alterum
894 1435 943 1472 ab
975 1435 1293 1484 interpolatione.
1342 1435 1409 1473 du-

68 1508 161 1541 cere,
187 1496 335 1534 trahere
354 1496 502 1534 vultum
521 1495 621 1532 dixit
646 1496 765 1543 poeta
783 1494 896 1532 Pont.
917 1501 965 1531 IV
989 1495 1009 1530 1
1041 1495 1078 1542 3,
1112 1494 1136 1531 8
1167 1495 1232 1531 12.
1281 1493 1410 1541 ipsam

70 1555 383 1594 emendationem
414 1566 494 1592 non
523 1553 649 1591 habeo
680 1564 800 1601 nunc,
839 1564 915 1601 quo
947 1551 1162 1589 adstruam.
1324 1548 1410 1590 823

69 1620 334 1659 FmGUSQnE
366 1619 661 1650 PERURGUET.
709 1611 784 1648 hoe
814 1610 944 1648 minus
976 1610 1096 1648 etiam
1127 1610 1409 1659 praestiterim.

63 1684 136 1721 per
158 1683 306 1720 unques
335 1671 429 1709 libri
459 1670 655 1719 meliores,
680 1680 753 1717 per
779 1672 888 1707 artus
917 1668 1159 1718 interpolati.
1209 1668 1408 1717 Hauptius

63 1743 136 1780 per
173 1732 314 1779 inqu’en
357 1732 397 1768 et
438 1729 616 1778 proximo
659 1739 778 1766 versu
821 1727 978 1770 callent,
1022 1727 1124 1764 mira
1166 1727 1409 1766 infelicitate.

69 1789 260 1839 putabam
290 1801 450 1827 versum
481 1787 678 1826 adiectum
709 1798 815 1835 esse,
853 1786 946 1835 quia
976 1786 1203 1834 corruptela
1233 1786 1411 1836 verbum,

46 1857 147 1898 ‘quo
180 1859 290 1897 opus,
322 1846 555 1885 abstulerat.
606 1845 732 1884 simile
764 1845 914 1883 factum
939 1844 1159 1893 apparebit,
1190 1844 1307 1893 idque
1332 1845 1410 1882 ela-

69 1907 236 1956 rissime,
267 1914 318 1943 IX
336 1906 434 1944 415.
485 1905 554 1943 sed
579 1916 668 1942 cum
696 1904 920 1951 adurquere,
939 1904 1156 1951 inuryuere,
1176 1905 1410 1950 suburquere

70 1965 195 2014 proba
231 1964 328 2013 sint,
360 1975 598 2012 peruryuere
635 1964 727 2000 ante
759 1961 991 2000 Suetonium
1021 1961 1087 1999 vix
1117 1962 1333 2010 reperitur,
1370 1961 1410 1999 in

70 2023 212 2062 Lucilii
255 2023 386 2061 Aetna
428 2035 465 2061 v.
498 2023 580 2059 227
626 2021 831 2069 explosum
875 2023 936 2057 est
979 2019 1028 2057 ab
1073 2019 1225 2058 editore
1269 2019 1410 2058 Canta-

69 2082 274 2132 brigiensi.
396 2077 480 2119 808
514 2087 711 2118 GLAclns
745 2086 945 2117 msaRTo
978 2085 1143 2116 SAUCIA
1176 2086 1305 2117 sona.
1353 2079 1410 2117 in-

71 2144 169 2179 certo
207 2140 317 2189 libri,
355 2139 418 2177 cui
453 2138 586 2177 nullus
626 2138 690 2176 hic
725 2138 846 2176 locus.
896 2138 1028 2174 inserti
1057 2137 1162 2174 raclii
1191 2138 1282 2175 solis
1319 2140 1411 2175 sunt

71 2199 177 2248 apud
195 2198 425 2236 Lucretium
456 2205 490 2235 11
514 2197 613 2246 1153
646 2196 750 2246 quod
775 2208 864 2234 cum
884 2195 1086 2244 Vergilius
1105 2195 1146 2232 in
1164 2208 1283 2234 versu
1306 2195 1411 2244 apud

70 2257 277 2295 Munroem
309 2256 489 2304 adposito
520 2255 767 2304 improbasse
798 2253 1017 2303 videretur,
1048 2253 1202 2292 invenit
1234 2253 1411 2303 Ovidius,

71 2316 140 2354 ubi
165 2315 386 2365 appositius
413 2314 622 2352 diceretur.
743 2309 825 2351 871
859 2312 990 2351 FISSA
1017 2319 1409 2350 PEDUM—VESTI-
