1554 2563
161 104 315 140 XXXVI

161 216 267 266 tulit,
297 228 377 254 non
407 214 550 264 potuit,
581 213 701 252 misit.
828 210 914 252 408
948 221 1100 252 cumo
1133 219 1331 259 QUOQUE.
1381 211 1503 250 cultus

160 275 254 313 libri
285 287 431 312 omnes.
578 269 663 311 433
696 272 980 312 TEcrAPnon
1012 279 1249 310 OLENIDEN
1281 279 1311 308 A
1343 277 1500 309 sumito

161 341 360 371 VERTICE
406 339 624 370 FRENDIT.
686 331 799 370 Tecta
837 326 1087 383 (interpolati
1123 324 1282 381 Iuncta)
1324 328 1499 377 phonole-

160 392 473 439 niden—frey&
502 390 543 428 M
587 392 627 428 et
664 390 854 439 plerique.
916 389 1198 428 TECTAI‘HON
1248 388 1343 426 olim
1388 386 1502 425 dede-

162 464 258 500 ram,
292 450 397 499 quod
427 460 571 488 nomen
602 451 664 487 est
696 449 802 498 apud
833 448 1021 487 Nonnum
1046 448 1161 485 Dion.
1182 455 1279 485 XXX
1302 447 1383 484 128
1420 446 1501 484 133

165 510 260 547 184.
310 508 446 547 addidi
484 519 604 555 nunc,
643 520 719 556 quo
757 508 968 546 locutionis
1006 506 1220 545 insolentia
1259 505 1414 555 reliqua
1444 516 1504 542 re-

161 570 381 607 moveatur.
432 567 579 606 similia
608 568 823 604 narrantur
854 575 884 604 v
906 566 974 614 56,
1006 565 1248 614 franguntur
1279 576 1382 613 ossa,
1415 575 1503 602 con-

160 626 382 665 funduntur
413 638 499 664 ora:
532 637 558 664 a
587 636 734 664 summo
764 626 900 663 vertice
929 625 1063 673 franqi
1093 624 1266 672 aliquem
1290 622 1406 660 nihili
1430 623 1503 660 est.

159 686 335 734 frendere
378 686 440 723 est
481 685 678 734 franyere,
721 683 834 721 Paul.
872 683 981 721 Diac.
1014 696 1052 732 p.
1080 684 1154 732 91,
1182 683 1253 732 12,
1299 681 1368 720 sed
1400 676 1504 719 ‘con-

160 744 349 794 fringere,
375 745 592 793 conterere,
618 738 887 785 contundere:
919 755 957 791 p.
982 744 1048 792 74,
1071 743 1136 779 17.
1184 741 1291 779 inest
1310 738 1506 789 quaedam

161 802 346 841 dictionis
386 801 601 851 asperitas,
638 801 831 839 inusitata
869 800 1028 839 Ovidio:
1074 800 1202 838 simile
1245 801 1381 837 tamen
1417 806 1505 837 XIII

161 864 258 900 492.
308 862 511 899 nominum
555 860 802 909 quorundam
846 859 887 897 in
929 858 1119 908 proximis
1164 859 1250 896 450
1291 859 1378 896 460
1421 868 1504 895 cor-

161 920 284 958 rectio
315 932 395 958 non
426 919 589 969 egregie
620 918 717 956 mihi
749 918 878 957 cessit.
1010 914 1096 956 488
1129 924 1359 955 PERCUSSO
1391 923 1504 953 LAM-

160 987 279 1017 MINA
307 986 470 1017 GALLO.
522 977 729 1016 emendavi
758 977 863 1015 olim.
912 976 1008 1014 libri
1033 977 1134 1014 collo.
1256 972 1339 1013 527
1372 974 1504 1012 HANG

162 1046 225 1075 1131
265 1037 417 1086 scripsi.
472 1037 538 1075 ubi
573 1036 678 1073 libri.
828 1032 913 1074 566
945 1043 1115 1072 LA'rEm
1149 1042 1240 1081 QUA
1272 1041 1506 1073 SUBDITUR

161 1104 265 1134 ALA.
315 1095 479 1145 propius
512 1095 586 1133 hoc
617 1094 668 1132 ad
698 1094 739 1132 M
771 1094 1052 1132 auctoritatem
1082 1094 1194 1132 lateri
1220 1105 1296 1140 qua
1326 1093 1506 1140 funditur

161 1150 304 1206 (supra
341 1154 488 1203 scripto
525 1148 558 1205 i)
597 1154 664 1191 ala
701 1153 869 1202 accedit,
907 1165 1025 1202 quam
1062 1152 1167 1201 quod
1197 1151 1505 1200 interpolatores

161 1213 478 1260 introduxerunt,
509 1213 692 1260 iunyitur.
754 1212 818 1250 ala
854 1211 944 1260 ipsa
980 1222 1170 1260 percussa
1208 1212 1314 1260 erat,
1351 1223 1388 1250 v.
1407 1210 1506 1248 570.

162 1273 249 1311 alae
280 1272 387 1310 latus
425 1271 608 1321 cingunt,
646 1273 691 1308 ut
723 1272 785 1308 est
816 1279 863 1308 VI
885 1270 987 1320 718,
1019 1281 1108 1307 cum
1139 1269 1312 1308 volucris
1345 1268 1505 1317 compli-

161 1331 261 1369 catis
306 1330 456 1368 adstat:
501 1329 570 1367 sed
613 1329 768 1367 alarum
809 1331 948 1367 ternae
993 1330 1086 1366 sunt
1129 1329 1285 1378 partes,
1333 1327 1506 1377 geniculi

160 1390 262 1439 bini,
308 1401 476 1439 quorum
519 1388 621 1426 alter
660 1388 766 1426 latus
810 1388 931 1436 tegit,
975 1387 1077 1425 alter
1118 1386 1168 1424 ad
1211 1386 1394 1436 iugulum
1431 1385 1506 1424 eri·
1553 1373 1554 1394 ¹

162 1448 283 1498 gitur.
434 1444 520 1485 570
557 1447 773 1485 INFERms
813 1454 997 1495 PENNIS,
1038 1454 1098 1483 ET
1138 1452 1271 1492 QUAE.
1326 1445 1507 1492 Infirmis

163 1510 262 1545 —et
304 1519 381 1554 qua
423 1506 482 1555 M,
525 1506 718 1552 Infirmus
760 1517 862 1543 unus
902 1505 1004 1543 libe-r
1043 1504 1162 1553 paulo
1203 1503 1360 1554 melior,
1409 1514 1506 1551 quae

161 1566 295 1615 pauci,
333 1568 379 1602 ut
417 1565 475 1603 ait
510 1563 712 1602 Heinsius.
767 1563 945 1602 infirmae
982 1575 1134 1612 pennae
1171 1562 1342 1601 absurde
1373 1562 1505 1600 dicun-

161 1628 240 1662 tur.
302 1625 366 1662 ala
403 1623 543 1671 destra.
572 1622 807 1672 praepedita
841 1622 1003 1660 sinistra
1033 1621 1284 1671 movebatur,
1323 1621 1506 1659 dextrum

162 1695 305 1732 corpus
348 1682 582 1720 inclinatum
630 1681 840 1731 pendebat.
900 1682 1064 1728 inferius
1111 1680 1345 1718 adverbium
1398 1679 1506 1718 volui

162 1754 268 1791 esse,
298 1744 346 1779 ut
374 1749 410 1779 11
431 1741 534 1790 208,
565 1742 726 1779 interius
750 1748 799 1778 VI
820 1741 916 1789 306,
949 1740 1112 1778 exterius
1142 1747 1190 1777 VI
1210 1740 1306 1777 420.
1361 1738 1506 1788 nescio,

163 1813 214 1838 an
244 1812 316 1849 pro
349 1800 463 1847 affixi
494 1800 576 1848 legi
612 1799 792 1848 praestet
816 1799 936 1846 offilxi.
1087 1797 1343 1836 Coniecturas
1375 1796 1506 1846 recepi

162 1859 318 1897 Heinsii
363 1859 414 1896 61
464 1859 546 1896 256
594 1858 676 1896 382
722 1858 807 1896 454
856 1857 938 1894 618
995 1856 1220 1907 Huygensii
1265 1857 1316 1894 69
1374 1855 1506 1894 Lenzii

166 1919 246 1956 131
304 1916 496 1955 Rosoheri
529 1917 611 1955 308
664 1917 747 1955 353
803 1915 867 1953 Al.
906 1915 1023 1953 Riese
1056 1917 1152 1953 449.
1213 1914 1365 1952 Erfurt.
1404 1914 1506 1952 Mar-

163 1977 274 2015 ciano
318 1975 552 2025 praestabat
592 1977 645 2013 17
686 1976 870 2022 avidoque
903 1974 954 2011 18
1001 1975 1057 2012 30
1093 1986 1176 2012 var.
1214 1985 1287 2011 scr.
1349 1974 1403 2011 46
1451 1973 1505 2011 60

165 2037 218 2073 64
260 2036 314 2073 70
356 2037 406 2073 71
447 2046 529 2073 var.
563 2045 636 2072 scr.
696 2035 778 2072 104
811 2033 916 2071 elusa
936 2027 1240 2083 (M‘?)—sensit
1291 2033 1372 2070 106
1421 2032 1505 2070 110

162 2093 275 2132 Solus
306 2094 496 2132 echionias
547 2093 631 2131 120
678 2094 757 2130 121
807 2092 887 2129 122
937 2093 1018 2129 133
1068 2092 1149 2129 158
1198 2092 1277 2129 167
1317 2102 1400 2129 var.
1433 2102 1505 2129 scr.

166 2154 247 2190 176
297 2152 377 2190 195
425 2153 508 2189 244
555 2152 638 2189 268
685 2152 766 2190 295
814 2150 896 2188 298
943 2151 1028 2188 300
1058 2150 1237 2199 reuulsit,
1268 2148 1374 2198 quod
1409 2149 1505 2187 reci-

163 2210 353 2260 piendum
385 2210 489 2260 duxi,
520 2210 581 2248 uti
612 2221 659 2247 ex
690 2209 731 2247 M
755 2217 840 2247 VIII
861 2209 944 2246 585
989 2216 1039 2246 XI
1066 2209 1139 2257 38,
1189 2207 1505 2257 quandoquidem

165 2268 337 2307 Charisii
368 2281 405 2317 p.
422 2269 518 2318 249,
561 2267 767 2306 Diomedis
799 2281 835 2316 p.
853 2268 949 2316 372,
992 2266 1187 2305 Prisciani
1218 2266 1331 2304 lib.X
1355 2279 1392 2314 p.
1408 2266 1504 2315 526,

163 2328 247 2367 527
281 2327 519 2367 testimoniis
551 2328 685 2365 tutum
715 2328 777 2365 est
834 2326 916 2364 313
950 2326 1110 2365 dederas
1160 2326 1242 2364 321
1291 2325 1373 2363 332
1421 2325 1503 2363 336
