1554 2563
579 105 630 141 IV
647 133 656 150 ,
683 109 866 142 604-577
885 135 892 142 .
1051 119 1186 142 cannes
1352 105 1407 148 81

185 215 362 267 inposuit
379 247 389 267 ,
422 227 641 267 nomenque
668 215 784 254 simul
812 216 1027 267 faciemque
1054 217 1231 256 novavit:
1267 225 1295 253 ί.
1315 225 1402 251 alvu>

187 273 488 325 Leucotheeque
521 274 637 314 deum
670 286 759 313 cum
791 281 915 314 matre
947 274 1177 314 Palaemona
1209 274 1329 314 dixit.

247 332 427 371 Sidoniae
461 334 623 372 comites
642 365 653 385 ,
685 339 874 384 quantum
906 333 1091 386 valuere,
1123 336 1280 373 secutae

187 391 302 442 Signa
336 391 480 442 pedum
499 423 510 443 ,
540 393 666 443 primo
699 391 830 430 videre
862 393 1072 431 novissima
1104 404 1220 432 saxo:

98 458 164 488 545
185 450 265 488 Nec
297 449 459 489 dubium
490 449 538 488 de
571 456 697 490 morte
729 456 834 489 ratae
853 482 864 503 ‚
898 449 1103 489 Cadmeida
1135 450 1273 502 palmis

185 507 424 560 Deplanxere
458 508 616 547 domum
636 540 647 561 ,
679 511 823 547 scissae
856 520 945 548 cum
976 516 1084 548 veste
1117 509 1298 562 capillos,

185 566 313 618 thue
345 579 482 619 parum
515 570 640 606 iustae
673 568 914 618 nimiumque
950 569 989 606 in
1021 567 1168 619 paelice
1201 579 1358 621 saevae,

184 625 371 664 Invidiam
404 626 532 664 secere
565 625 688 666 deae.
727 627 901 665 convicia
932 626 1028 665 luno

185 683 271 723 Non
303 683 392 723 tulit
423 691 462 723 et
494 682 647 723 ‘faciam
678 697 745 723 vos
777 686 882 736 ipsas
914 683 1094 724 maxima'
1129 686 1226 725 dixit

98 751 165 782 550
187 740 393 781 ‘Saevitiae
426 744 663 782 monimenta
696 755 804 782 meae
830 740 855 782 .'
894 756 957 782 res
984 743 1085 782 dicta
1119 751 1253 783 secuta
1284 753 1365 784 est.

185 801 281 840 Nam
315 813 412 852 quae
445 803 654 853 praecipue
686 802 814 841 suerat
845 804 907 854 pia
926 834 937 855 ‚
971 799 1218 854 ‘prosequar'
1250 804 1376 854 inquit

188 857 246 898 ‘ln
279 861 378 899 sreta
411 862 584 911 reginam
603 857 630 912 ‚'
663 861 882 912 saltumque
916 861 1053 900 datura
1084 863 1232 900 moveri
1275 899 1277 901 .

187 917 297 957 Haud
331 931 498 969 usquam
529 921 657 970 potuit
688 919 929 971 scopuloque
962 920 1074 958 affixa
1106 920 1301 959 cohaesit.

186 976 317 1016 Altera
351 977 442 1016 dum
470 978 583 1017 solito
617 983 780 1029 temptat
809 978 995 1030 plangore
1028 979 1147 1017 ferire

98 1044 165 1075 555
186 1035 349 1074 Pectora
369 1068 380 1088 ‚
413 1043 619 1087 temptatos
653 1039 775 1076 sensit
807 1038 974 1088 riguisse
1005 1036 1195 1076 lacertos.

186 1094 252 1133 Illa
271 1126 282 1147 ,
314 1106 452 1134 manus
486 1104 527 1133 ut
559 1096 660 1134 sorte
692 1095 913 1134 tetenderat
943 1097 984 1134 in
1015 1097 1134 1134 maris
1166 1095 1314 1148 undas,

189 1152 310 1192 Saxea
343 1153 443 1192 sacta
475 1166 613 1192 manus
639 1155 678 1193 in
711 1154 866 1192 easdem
897 1155 1065 1206 porrigit
1096 1154 1242 1193 undas.

187 1211 312 1250 Huius
331 1244 342 1263 ‚
375 1217 418 1251 ut
449 1219 649 1263 arreptum
681 1212 848 1251 laniabat
879 1214 1024 1252 vertice
1057 1214 1232 1265 crinem,

187 1269 354 1309 Duratos
380 1269 509 1309 subito
542 1270 684 1322 digitos
716 1273 754 1310 in
787 1273 894 1310 crine
927 1271 1102 1310 videres.

99 1337 167 1367 560
188 1329 273 1374 0υο
307 1340 484 1380 quaeque
516 1330 555 1368 in
588 1337 700 1381 gestu
733 1330 924 1381 deprensa
958 1336 1047 1382 est,
1085 1330 1212 1369 haesit
1248 1332 1287 1369 in
1320 1330 1407 1369 illo.

188 1387 282 1426 Pars
300 1387 479 1426 volucres
503 1388 626 1427 factae
647 1419 655 1427 .
689 1400 787 1439 quae
807 1401 912 1427 nunc
933 1400 1088 1440 quoque
1109 1390 1264 1440 gurgite
1285 1390 1325 1427 in
1344 1389 1408 1428 illo

189 1448 368 1497 Aequora
400 1446 649 1498 destringunt
681 1448 843 1486 summis
874 1446 1089 1486 Ismenides
1120 1447 1213 1486 alis.

246 1504 380 1543 Nescit
410 1505 650 1556 Agenorides
682 1511 809 1544 natam
842 1517 1083 1556 parvumque
1115 1512 1297 1557 nepotem

188 1564 379 1614 Aequoris
411 1575 496 1602 esse
530 1564 623 1602 deos
643 1595 651 1602 .
689 1563 797 1602 luctu
830 1566 1011 1614 serieque
1043 1564 1234 1603 malorum

103 1629 168 1660 565
190 1621 323 1660 Victus
356 1628 394 1660 et
426 1624 619 1674 ostentis,
652 1634 749 1673 quae
782 1622 948 1673 plurima
980 1622 1158 1674 viderat,
1190 1624 1269 1661 exit

190 1679 376 1719 Conditor
410 1680 506 1719 urbe
539 1693 608 1719 sua
628 1713 637 1731 ,
669 1687 866 1731 tamquam
898 1682 1052 1719 fortuna
1084 1681 1284 1729 locorum,

189 1738 274 1777 Non
307 1751 376 1778 sua
409 1751 449 1778 se
482 1747 708 1791 premeret3
740 1740 944 1790 longisque
976 1739 1170 1779 erratibus
1202 1747 1312 1778 actus

191 1796 362 1848 Contigit
393 1797 567 1849 Illyricos
598 1798 762 1850 profuga
795 1811 884 1836 curn
917 1800 1082 1849 conluge
1114 1799 1233 1837 fines.

190 1855 347 1907 Iamque
379 1856 489 1894 malis
521 1858 711 1907 annisque
743 1868 908 1908 graves,
941 1856 1034 1894 dum
1052 1858 1177 1908 prima
1197 1862 1412 1896 retractant

103 1921 171 1954 570
191 1913 280 1953 Fata
313 1914 451 1953 domus
484 1915 742 1966 releguntque
774 1927 867 1953 suos
899 1926 1079 1953 sermone
1111 1914 1289 1967 labores,

192 1970 308 2011 ‘Num
342 1985 451 2012 sacer
483 1973 545 2012 ille
578 1986 662 2012 mea
695 1975 882 2012 traiectus
915 1973 1076 2024 cuspide
1110 1970 1288 2024 serpens'

192 2030 358 2070 Cadmus
390 2033 443 2070 ait
475 2029 618 2071 ‘suerat
636 2064 647 2084 ‚
678 2039 761 2071 tum
781 2064 791 2083 ,
823 2043 912 2070 cum
946 2031 1090 2070 Sidone
1122 2032 1324 2082 profectus

191 2089 378 2141 Vipereos
410 2093 535 2141 sparsi
571 2103 642 2142 per
674 2091 866 2142 humum,
898 2102 994 2128 nova
1032 2091 1208 2141 semina,
1241 2087 1413 2129 dentes?

193 2148 317 2193 Quem
349 2150 382 2188 si
414 2161 507 2188 cura
539 2148 657 2188 deum
689 2157 767 2188 tam
800 2154 907 2188 certa
939 2147 1109 2187 vindicat
1133 2150 1213 2200 ira,

104 2214 170 2245 575
192 2206 278 2258 lpse
309 2219 451 2259 precor
483 2220 648 2259 serpens
679 2209 719 2247 in
752 2207 904 2258 longam
935 2208 1115 2259 porrigar
1146 2204 1289 2246 alvum'
1323 2228 1374 2236 -—

193 2264 325 2317 Dixit,
357 2273 396 2305 et
427 2272 471 2305 ut
502 2278 666 2318 serpens
697 2268 736 2305 in
769 2265 923 2316 longam
955 2264 1130 2304 tenditur
1163 2264 1313 2317 alvum,

192 2322 438 2376 Durataeque
472 2326 553 2364 cuti
583 2336 762 2376 squamas
794 2325 1017 2363 increscere
1049 2326 1184 2368 sentit.

144 2394 255 2420 ovm.
277 2396 320 2421 n.
1111 2396 1129 2422 e
