1554 2563
108 159 194 202 222
359 173 507 196 unsmm:
660 157 876 194 METAMM
890 185 898 195 .

227 270 414 310 Crescere
448 269 625 322 difficili,
656 281 730 309 nec
761 281 856 321 opes
888 281 1102 321 exposcere
1133 281 1295 321 parvas:

226 329 402 380 Cumque
434 329 692 380 tridentigero
724 328 864 368 tumidi
895 329 1072 380 genitore
1102 328 1287 380 profundi

224 388 428 427 Mortalem
459 388 636 427 induitur
668 387 834 426 formam
852 419 863 439 ‚
895 387 1164 438 Phrygiaeque
1195 392 1360 438 tyranno

225 446 412 486 Aedificat
444 458 577 486 muros
596 478 608 499 ,
638 452 777 498 pactus
808 458 880 498 pro
912 445 1119 485 moenibus
1151 457 1314 485 aurum.

138 513 204 545 205
227 504 361 544 Stabat
393 517 522 557 opus:
553 506 725 557 pretium
756 517 827 544 rex
857 504 1054 544 inficiatur
1072 535 1084 557 ‚
1116 509 1156 544 et
1186 504 1315 557 addit,

224 564 415 603 Perfidiae
448 563 680 616 cumulum,
713 563 820 603 falsis
851 565 1025 616 periuria
1056 562 1209 602 verbis.

226 621 327 662 <Non
360 624 507 675 inpune
540 619 658 662 feres'
691 628 823 662 rector
855 623 976 661 maris
1007 623 1164 673 inquit:
1195 627 1234 660 et
1266 632 1402 660 omnes

224 681 428 721 Inclinavit
460 694 579 733 aquas
611 681 658 720 ad
691 693 825 720 avarae
857 681 972 720 litora
1004 681 1166 719 Troiae.

226 741 349 792 Inque
382 741 473 780 freti
505 741 670 779 formam
701 746 827 779 terras
860 739 1098 792 complevit,
1128 751 1302 791 opesque

138 807 205 839 210
225 799 397 838 Abstulit
428 799 609 850 agricolis
642 804 681 838 et
711 798 897 838 fluctibus
928 797 1062 838 obruit
1092 810 1228 849 agros.

223 858 354 897 Poena
376 870 504 909 neque
531 858 626 897 haec
653 858 747 896 satis
767 863 850 897 est:
876 858 1158 909 regisquoque
1177 857 1255 896 filia
1274 861 1449 896 monstro

223 917 406 956 Poscitur
437 928 662 968 aequoreo.
701 928 819 967 quam
850 916 948 955 dura
979 915 1026 954 ad
1059 927 1150 955 saxa
1181 916 1395 955 revinctam

223 975 402 1015 Vindicat
432 975 586 1014 Alcides
604 1007 616 1028 ‚
646 976 918 1027 promissaque
952 986 1116 1014 munera
1134 1006 1145 1027 ,
1177 974 1303 1013 dictos

223 1033 357 1073 Poscit
387 1046 539 1086 equos;
571 1035 748 1085 tantique
780 1035 911 1085 operis
943 1033 1124 1072 mercede
1157 1038 1294 1084 negata

137 1100 204 1132 215
224 1092 289 1131 Bis
320 1094 479 1144 periura
512 1094 615 1144 capit
651 1098 856 1144 superatae
888 1094 1042 1131 moenia
1073 1092 1236 1131 Troiae,

223 1151 305 1190 Nec
336 1164 426 1202 pars
459 1151 618 1190 militiae
637 1183 649 1203 ‚
681 1151 866 1190 Telamon
885 1183 896 1203 ‚
928 1153 1012 1190 sine
1044 1150 1194 1190 honore
1227 1152 1416 1203 recessit,

224 1209 473 1261 Hesioneque
506 1210 594 1249 data
624 1212 775 1261 potitur
795 1241 803 1248 .
842 1221 930 1248 nam
963 1211 1129 1261 coniuge
1159 1209 1301 1249 Peleus

225 1268 361 1308 Clarus
395 1274 479 1307 erat
511 1268 624 1307 diva.
664 1280 737 1307 nec
769 1269 829 1306 avi
859 1270 981 1319 magis
1013 1268 1076 1307 ille
1110 1267 1289 1320 superbit

223 1326 390 1366 Nomine
409 1359 420 1379 ,
453 1339 569 1377 quam
602 1328 758 1378 soceri3
791 1326 984 1378 siquidem
1016 1326 1116 1365 Iovis
1149 1339 1235 1366 esse
1269 1326 1402 1378 nepoti

135 1395 204 1426 220
225 1385 398 1437 Contigit
428 1385 531 1425 haud
563 1387 662 1438 uni,
694 1386 864 1424 coniunx
897 1385 967 1424 dea
1000 1386 1163 1436 contigit
1194 1387 1284 1424 uni.

283 1444 457 1495 Namque
480 1456 598 1483 senex
619 1444 775 1483 Thetidi
794 1443 961 1483 Proteus
990 1441 1090 1483 ‘dea'
1112 1444 1262 1483 dixerat
1285 1441 1448 1497 eundae,

224 1502 395 1554 Concipe
417 1534 425 1542 .
464 1508 588 1541 mater
620 1504 698 1542 eris
730 1504 881 1542 iuvenis
900 1534 911 1556 ‚
943 1504 1012 1554 qui
1044 1502 1211 1542 fortibus
1243 1505 1353 1542 annis

224 1563 318 1601 Acta
350 1563 473 1613 patris
505 1563 635 1600 vincet
666 1562 867 1612 maiorque
899 1561 1101 1601 vocabitur
1132 1558 1238 1600 illo?

224 1620 326 1672 Ergo
347 1652 357 1672 ,
390 1632 437 1659 ne
471 1622 682 1671 quicquam
713 1621 883 1659 muudus
914 1620 1003 1659 Iove
1035 1621 1159 1659 maius
1190 1619 1376 1673 haberet,

135 1688 202 1719 225
225 1679 409 1725 Quamvis
441 1678 544 1717 haud
578 1679 730 1731 tepidos
763 1678 836 1718 sub
868 1685 1028 1730 pectore
1062 1684 1241 1718 senserat
1270 1681 1405 1732 igneS,

223 1738 399 1789 Iuppiter
431 1749 648 1788 aequoreae
681 1737 857 1776 Thetidis
891 1737 1057 1777 conubia
1089 1738 1212 1790 fugit,

223 1796 267 1835 In
299 1808 446 1847 suaque
479 1796 672 1835 Aeaciden
705 1795 917 1835 succedere
950 1801 1038 1835 vota
1070 1802 1252 1848 nepotem

223 1854 341 1894 Iussit
373 1862 412 1894 et
443 1855 643 1906 amplexus
674 1856 715 1893 in
747 1856 909 1906 virginis
940 1856 998 1893 ire
1031 1857 1226 1895 marinae.

223 1913 294 1952 Est
325 1915 434 1952 sinus
467 1913 702 1952 Haemoniae
735 1925 876 1952 curvos
910 1913 1073 1952 falcatus
1105 1916 1145 1952 in
1178 1926 1316 1967 arcuS,

135 1982 203 2014 230
223 1972 409 2011 Bracchia
440 1977 711 2024 procurrunt:
741 1971 810 2011 ubi
827 2003 839 2024 ‚
872 1972 904 2010 si
936 1972 1039 2011 foret
1069 1972 1182 2011 altior
1215 1973 1340 2025 unda,

222 2032 367 2070 Portus
399 2038 512 2083 erat3
545 2032 708 2070 summis
740 2030 945 2069 inductum
976 2036 1038 2069 est
1068 2043 1216 2082 aequor
1247 2031 1427 2071 harenis.

223 2091 333 2130 Litus
364 2089 481 2128 habet
512 2089 709 2142 solidum,
741 2089 845 2141 quod
878 2101 950 2127 nec
981 2090 1143 2140 vestigia
1175 2096 1327 2143 servet,

221 2150 303 2189 Nec
334 2154 557 2188 remoretur
588 2150 693 2201 iter,
724 2160 797 2186 nec
829 2152 1011 2199 opertum
1042 2148 1211 2199 pendeat
1241 2148 1347 2200 alga.

221 2208 369 2259 Myrtea
402 2207 496 2246 silva
528 2206 693 2259 subest,
724 2205 963 2245 bicoloribus
995 2205 1120 2246 obsita
1152 2207 1282 2246 bacis.
1321 2200 1324 2203 ’

136 2274 202 2306 235
222 2266 293 2305 Est
325 2278 466 2316 specus
499 2267 539 2304 in
572 2265 698 2304 medio
717 2297 729 2317 ‚
761 2271 899 2304 natura
931 2265 1057 2304 sactus
1075 2297 1086 2318 ‚
1118 2278 1167 2304 an
1199 2271 1305 2318 arte,

221 2325 486 2376 Ambiguum3
518 2326 640 2375 magis
671 2330 755 2362 arte
788 2330 947 2363 tamen:
980 2336 1057 2374 quo
1090 2336 1204 2376 saepe
1236 2326 1369 2364 venire

221 2383 389 2423 Frenato
421 2383 603 2434 delphine
637 2382 806 2435 sedens,
838 2381 952 2420 Theti
984 2381 1117 2433 nuda,
1149 2382 1325 2422 solebas.
