1554 2563
623 110 641 144 1
661 136 670 154 ,
696 112 857 144 30-103
872 137 881 145 .
1018 122 1126 145 mus
1152 122 1265 145 AUREA
1399 109 1425 150 3

202 219 305 259 Haec
337 231 457 271 super
487 220 662 271 inposuit
698 219 889 271 liquidum
932 225 971 259 et
1007 220 1194 272 gravitate
1227 224 1424 269 carentem

202 279 369 318 Aethera
401 290 473 317 nec
504 279 716 329 quicquam
749 275 927 317 terrenae
961 279 1079 318 faecis
1111 278 1344 318 habentem.

202 337 273 376 Vix
305 339 357 376 ita
389 336 578 376 limitibus
610 336 873 388 dissaepserat
904 338 1033 376 omnia
1058 339 1202 390 certis,

140 404 183 436 'a‘o
204 396 302 435 Cum
322 427 332 447 ,
364 407 463 447 quae
496 407 632 447 pressa
664 395 730 434 diu
757 407 883 434 massa
915 395 1063 435 latuere
1097 395 1169 435 sub
1195 395 1283 448 illa,

204 454 340 493 Sidera
372 460 589 505 coeperunt
620 459 701 493 toto
735 455 992 493 effervescere
1019 454 1149 493 caelo.

202 513 287 552 Neu
319 514 427 564 regio
459 514 562 552 foret
593 512 670 552 ulla
701 515 783 552 suis
815 512 1077 552 animantibus
1110 512 1228 565 orba,

204 572 318 611 Astra
349 577 486 611 tenent
518 571 684 611 caeleste
718 571 845 611 solum
877 572 1103 623 formaeque
1137 571 1324 624 deorum,

205 630 420 670 Cesserunt
451 630 585 669 nitidis
617 630 848 669 habitandae
875 630 1051 681 piscibus
1084 630 1236 682 undae,

140 697 182 729 75
199 689 325 728 Terra
358 690 460 728 seras
492 691 626 742 cepit,
658 689 836 728 volucres
869 688 1059 740 agitabilis
1092 692 1180 728 aer.

204 748 386 787 Sanctius
418 748 479 786 his
511 747 653 787 animal
685 749 906 799 mentisque
940 749 1120 799 capacius
1153 747 1251 786 altae

203 806 345 846 Deerat
376 806 502 845 adhuc
521 838 532 859 ,
563 812 603 846 et
635 807 738 858 quod
771 806 963 845 dominari
994 808 1034 845 in
1066 811 1198 845 cetera
1228 811 1386 857 posset.

204 865 326 904 Natus
357 865 473 904 homo
508 871 595 905 est:
629 867 707 904 sive
740 865 844 904 hunc
877 865 1006 904 divino
1039 866 1187 904 semine
1219 865 1312 904 fecit

204 924 270 962 llle
303 925 432 975 opifex
464 936 628 977 rerum,
649 924 795 973 ,mundi
827 924 999 963 melioris
1031 925 1165 975 origo,

139 991 184 1023 80
206 982 293 1022 Sive
327 995 466 1021 recens
500 983 614 1022 tellus
648 983 886 1034 seductaque
919 994 1046 1034 nuper
1078 982 1124 1021 ab
1157 981 1233 1021 alto

204 1041 372 1080 Aethere
404 1043 562 1093 cognati
592 1041 788 1080 retinebat
820 1043 967 1080 semina
1000 1041 1119 1093 caeli,

206 1100 330 1146 Quam
362 1106 469 1153 satus
502 1100 632 1152 Iapeto
665 1102 824 1139 mixtam
857 1098 1075 1138 fluvialibus
1107 1099 1223 1138 undis

208 1158 337 1197 Finxit
368 1160 408 1197 in
440 1159 610 1209 effigiem
636 1159 911 1197 moderantum
944 1163 1085 1197 cuncta
1117 1157 1305 1210 deorum3

204 1217 410 1268 Pronaque
443 1230 532 1256 cum
565 1223 744 1269 spectent
776 1217 953 1256 animalia
985 1222 1116 1256 cetera
1147 1222 1317 1269 terram,

142 1283 185 1316 85
208 1275 260 1314 Os
292 1275 440 1315 homini
472 1275 636 1315 sublime
670 1275 806 1328 dedit,
838 1275 1067 1327 caelumque
1092 1274 1224 1314 videre

206 1334 326 1374 lussit
356 1341 396 1373 et
428 1341 581 1373 erectos
614 1334 661 1374 ad
693 1334 821 1374 sidera
854 1334 991 1373 tollere
1023 1334 1177 1373 vultus.

210 1392 295 1443 [Sic
313 1425 325 1446 ,
357 1393 472 1432 modo
506 1405 605 1445 quae
638 1394 766 1432 fuerat
798 1393 907 1432 rudis
928 1398 968 1432 et
987 1394 1070 1432 sine
1090 1394 1258 1444 imagine
1278 1424 1288 1446 ,
1316 1392 1428 1432 tellus

206 1451 336 1491 Induit
365 1454 517 1503 ignotas
549 1452 751 1492 hominum
784 1464 972 1491 conversa
1003 1452 1148 1503 figuras
1163 1450 1190 1501 .]
1355 1460 1383 1486 f·
1403 1460 1428 1485 ¹-

265 1511 392 1549 Aurea
424 1512 549 1562 prima
576 1516 657 1549 sata
690 1517 750 1549 est
781 1517 886 1549 aetas
905 1542 916 1562 ,
948 1522 1048 1560 quae
1079 1509 1231 1548 vindice
1264 1508 1372 1562 nullo

142 1578 187 1610 90
208 1569 355 1621 Sponte
390 1581 458 1608 sua
478 1600 489 1621 ‚
520 1570 604 1607 sine
637 1569 721 1619 lege
754 1569 870 1607 iidem
902 1575 1134 1619 rectumque
1167 1567 1341 1608 colebat.

206 1627 338 1667 Poena
370 1632 578 1678 metusque
611 1627 772 1666 aberant
790 1659 801 1679 ‚
835 1639 907 1665 nec
938 1626 1056 1665 verba
1082 1628 1248 1665 minacia
1274 1627 1355 1666 >fixo

207 1687 307 1725 Aere
339 1686 600 1739 legebantur,
631 1698 704 1724 nec
736 1686 901 1737 supplex
935 1684 1048 1724 turba
1082 1684 1243 1724 timebat

207 1744 350 1783 Iudicis
386 1757 454 1783 ora
485 1746 547 1783 sui
565 1776 576 1798 ‚
609 1744 677 1783 sed
710 1750 822 1783 erant
854 1745 937 1782 sine
969 1743 1122 1783 vindice
1154 1745 1252 1783 tuti.

206 1803 388 1842 Nondum
427 1815 539 1842 caesa
579 1804 691 1856 suis,
722 1804 977 1854 peregrinum
1014 1808 1059 1842 ut
1095 1803 1242 1842 viseret
1273 1801 1433 1857 orbem,

142 1869 185 1901 95
206 1861 404 1901 Montibus
435 1864 476 1900 in
508 1861 673 1913 fiquidas
705 1863 821 1913 pinus
854 1861 1112 1900 descenderat
1142 1861 1291 1914 undas,

206 1920 398 1971 Nullaque
430 1920 616 1959 mortales
648 1926 805 1972 praeter
837 1932 907 1958 sua
938 1919 1053 1959 litora
1084 1926 1249 1959 norant.

205 1978 386 2018 Nondum
418 1980 654 2030 praecipites
686 1978 894 2029 cingebant
925 1977 1066 2029 oppida
1098 1978 1250 2018 fossae:

206 2037 292 2076 Non
326 2037 418 2076 tuba
448 2037 618 2090 directi,
650 2049 728 2076 non
761 2038 862 2075 aeris
895 2048 1041 2075 cornua
1072 2035 1187 2089 flexi,

207 2095 293 2134 Non
323 2096 454 2147 galeae
473 2127 484 2149 ‚
515 2108 595 2135 non
627 2098 733 2135 ensis
765 2101 906 2135 erant:
938 2096 1022 2134 sine
1055 2094 1190 2133 militis
1221 2107 1295 2134 usu

122 2163 187 2194 100
207 2154 334 2193 Mollia
366 2167 527 2193 securae
558 2154 798 2206 peragebant
828 2155 904 2192 otia
937 2158 1097 2204 gentes,

210 2212 297 2264 lpsa
329 2225 485 2264 quoque
518 2214 702 2252 immunis
735 2218 941 2262 rastroque
973 2214 1118 2252 intacta
1150 2224 1224 2251 nec
1256 2212 1344 2251 ullis

208 2271 346 2310 Saucia
380 2271 602 2310 vomeribus
634 2283 706 2323 per
738 2283 780 2309 se
813 2270 928 2309 dabat
959 2272 1088 2309 omnia
1121 2270 1261 2323 tellus3

207 2329 470 2381 Contentique
502 2330 600 2369 cibis
633 2329 740 2368 nullo
774 2334 938 2381 cogente
972 2330 1113 2369 creatis

1103 2395 1151 2429 1*
