1554 2563
502 137 611 182 XIV,
636 136 843 181 veo-XV,
869 140 889 172 6
904 164 913 173 .
1022 149 1184 172 anasum
1208 144 1212 149 ’
1291 135 1379 179 305

158 246 323 286 Pulchra
355 245 461 286 subit
492 247 610 286 facies
643 252 681 286 et
711 246 980 298 pulvinaribus
1012 246 1100 286 altis

158 304 345 358 Dignior,
377 311 437 344 est
468 305 591 357 qualis
625 305 788 345 trabeati
820 306 943 344 forma
976 304 1151 351 Quirini.

214 363 349 403 Flebat
379 369 424 402 ut
454 367 640 403 amissum
666 365 863 404 coniunx:
897 376 985 404 cum
1018 366 1123 416 regia
1156 363 1250 404 Iuno

68 430 135 463 830
156 422 234 461 Irin
267 422 312 461 ad
345 421 551 461 Hersiliam
583 422 821 462 descendere
854 422 975 462 limite
1007 435 1126 462 curvo

156 480 326 532 Imperat
344 513 354 533 ,
388 488 426 520 et
457 481 594 521 viduae
626 493 696 521 sua
728 483 784 521 sic
817 482 995 520 mandata
1026 482 1201 521 referre:

156 537 202 578 Ὃ
236 545 275 578 et
305 539 352 578 de
386 539 526 593 Latio,
558 552 580 578 o
614 546 652 580 et
683 540 729 579 de
762 546 877 592 gente
911 540 1052 580 Sabina

155 597 444 651 Praecipuum,
475 604 651 637 matrona
670 630 680 650 ,
713 598 862 651 decus,
895 599 1119 650 dignissima
1151 600 1248 638 tanti

155 657 254 696 Ante
287 657 405 696 fuisse
439 658 539 709 viri,
572 659 742 696 coniunx
774 669 879 696 nunc
911 670 996 697 esse
1030 657 1206 710 Quirini,

70 723 137 755 835
160 715 263 754 Siste
296 722 384 755 tuos
417 715 561 768 ssetus,
594 722 633 755 et
664 717 697 755 si
729 716 799 755 tibi
832 728 924 755 cura
957 716 1112 755 videndi

156 773 339 825 Coniugis
373 779 460 826 est,
492 774 590 813 duce
623 786 684 813 me
717 774 848 814 lucum
880 780 969 827 pete
988 807 998 827 ‚
1031 775 1128 814 colle
1162 774 1317 821 Quirini

156 832 232 879 Qui
263 834 392 885 viret,
425 838 464 872 et
495 833 684 885 templum
715 833 879 872 Romani
911 835 1013 885 regis
1046 832 1254 873 obumbrat
1268 829 1293 873 .'

156 891 319 943 [Pan-et,
351 896 390 930 et
420 892 461 930 in
493 897 638 931 terram
669 893 794 943 pictos
826 892 981 943 delapsa
1012 904 1083 944 per
1115 904 1254 945 arcus,

156 949 361 988 Hersiliam
392 951 510 989 iussis
542 950 748 1002 compellat
778 950 938 990 vocibus
971 949 1085 1001 Iris]

68 1016 135 1048 840
156 1008 223 1047 Illa
249 1008 472 1047 verecundo
504 1010 566 1047 vix
599 1009 737 1048 tollens
770 1009 916 1048 lumina
947 1009 1057 1048 vultu

156 1064 203 1106 Ὃ
235 1066 306 1106 dea
325 1098 336 1119 ,
368 1087 423 1094 —
455 1079 623 1119 namque
655 1067 749 1107 mihi
780 1080 853 1107 nec
871 1099 883 1120 ,
915 1079 1014 1119 quae
1046 1069 1098 1107 sis
1117 1099 1128 1120 ‚
1161 1068 1293 1107 dicere

1035 1132 1261 1178 promptum
1294 1132 1379 1180 est,

155 1184 205 1224 Et
235 1184 358 1236 liquet
390 1197 476 1224 esse
508 1185 618 1224 deam
651 1207 706 1213 —
738 1185 843 1237 duc,
875 1197 898 1223 o
930 1181 1022 1224 duc'
1047 1186 1176 1236 inquit
1202 1181 1257 1224 ‘et
1282 1185 1379 1224 osser

156 1243 340 1295 Coniugis
372 1256 439 1282 ora
471 1243 593 1283 mihi.
633 1255 731 1295 quae
763 1245 796 1282 si
823 1242 937 1282 modo
968 1255 1083 1295 posse
1115 1243 1248 1283 videre

155 1301 248 1341 Fata
279 1302 400 1341 semel
432 1302 640 1355 dederint,
673 1302 822 1341 caelum
855 1303 1052 1354 accepisse
1085 1301 1237 1341 fatebor
1251 1298 1277 1342 .'

68 1368 134 1399 845
155 1359 235 1399 Nec
266 1373 374 1400 mora
393 1392 404 1412 ‚
436 1360 646 1400 Romuleos
679 1373 769 1399 cum
799 1361 950 1411 virgine
982 1360 1249 1400 Thaumantea

158 1418 380 1470 Ingreditur
412 1419 559 1458 colles.
600 1418 672 1469 [ibi
704 1419 812 1458 sidus
844 1418 891 1457 ab
924 1418 1082 1458 aethere
1114 1419 1266 1471 lapsum

158 1477 309 1516 Decidit
340 1479 379 1516 in
413 1483 537 1516 terras
557 1508 568 1530 ,
600 1489 620 1516 a
652 1478 765 1516 cuius
797 1476 943 1516 lumine
974 1476 1142 1528 flagrans

157 1535 346 1574 Hersiliae
378 1537 498 1575 crinis
531 1547 620 1574 cum
652 1536 779 1574 sidere
806 1536 925 1574 cessit
955 1536 995 1574 in
1029 1547 1165 1575 auras.
1245 1545 1274 1572 t.
1294 1544 1379 1572 cciv-

157 1593 265 1633 Hanc
297 1593 476 1633 manibus
508 1592 629 1644 notis]
664 1593 859 1632 Romanae
892 1593 1072 1633 conditor
1103 1593 1214 1634 urbis

69 1660 137 1692 850
158 1652 341 1706 Excipit,
374 1658 413 1691 et
443 1654 618 1704 priscum
649 1654 795 1703 pariter
828 1664 917 1691 cum
950 1664 1115 1704 corpore
1147 1664 1291 1693 nomen

157 1710 309 1764 Mutat,
340 1710 563 1764 Horamque
595 1716 735 1763 vocat,
768 1721 866 1762 quae
899 1721 1005 1750 nunc
1037 1710 1107 1750 dea
1139 1712 1273 1751 iuncta

1096 1769 1262 1815 Quirino
1295 1776 1377 1811 est.

292 1964 475 2017 LIBER
513 1962 782 2019 QUINTUS
820 1962 1090 2018 DECIMUS
1105 2002 1116 2018 .

159 2061 370 2108 Quaeritur
401 2064 551 2101 interea
583 2063 650 2113 qui
682 2066 810 2100 tantae
841 2060 1015 2112 pondera
1047 2060 1159 2101 molis

159 2120 388 2172 Sustineat,
421 2126 606 2172 tantoque
640 2124 756 2171 queat
787 2119 1000 2158 succedere
1031 2121 1138 2171 regi.

158 2177 334 2218 Destinat
364 2180 527 2230 imperio
561 2178 709 2217 clarum
739 2179 972 2229 prae-nuntia
1002 2179 1085 2217 veri

160 2236 274 2276 Fama
304 2237 499 2276 Numam.
538 2249 615 2275 non
647 2236 712 2275 ille
743 2237 836 2275 satis
870 2247 1058 2287 cognosse
1085 2235 1250 2277 Sabinae

118 2303 138 2334 5
159 2295 294 2334 Gentis
325 2294 443 2348 hahet
474 2296 603 2334 ritus:
635 2296 762 2334 animo
794 2295 941 2333 maiora
973 2296 1106 2346 capaci

160 2353 366 2406 Concipit,
398 2359 466 2407 et,
498 2365 596 2405 quae
629 2355 679 2392 sit
710 2365 843 2392 rerum
876 2358 1042 2406 natura,
1075 2354 1266 2406 requirit.

110 2424 224 2452 ovn).
243 2426 293 2452 11.
1052 2423 1097 2455 20
