1554 2563
626 128 675 163 Vl
691 157 698 172 ,
726 132 912 164 261—334
927 156 934 163 .
1069 141 1231 164 monim-:s
1367 129 1450 170 115

230 239 368 279 Ultima
400 238 600 279 restabat:
632 251 747 290 quam
779 245 860 278 toto
894 251 1057 291 corpore
1091 246 1238 292 mater,

228 297 324 337 Tota
358 305 465 337 veste
498 304 634 349 tegens
667 295 799 337 ‘unam
832 299 1109 350 minimamque
1142 297 1344 349 relinque!

141 365 208 396 300
231 357 283 395 De
317 356 448 396 multis
482 358 680 395 minimam
712 354 847 408 posco'
881 356 1058 396 clamavit
1090 355 1144 396 ‘et
1175 353 1331 396 unam?

228 416 406 466 Dumque
438 422 577 468 rogat,
609 427 680 466 pro
707 427 783 466 qua
810 423 949 468 rogat,
981 416 1152 455 occidit.
1184 415 1280 454 orba
1305 415 1450 455 resedit

228 473 437 513 Exanimes
469 475 572 513 inter
606 480 716 512 natos
748 481 937 525 natasque
969 476 1199 527 virumque,

228 532 483 584 Deriguitque
515 532 653 572 malis.
692 532 819 572 nullos
852 540 981 572 movet
1011 545 1105 572 aura
1138 534 1318 586 capillos,
1344 542 1377 570 ί.
1396 550 1447 569 κο.

227 591 269 630 1η
302 591 410 631 vultu
443 590 550 630 color
581 597 642 630 est
673 593 757 630 sine
788 593 977 643 sanguine
1001 624 1013 645 ,
1044 592 1190 631 lumina
1222 595 1380 633 maestis

141 657 207 688 305
229 649 342 689 Stant*
374 652 517 689 inmota
551 651 689 700 genis:
722 650 817 689 nihil
850 657 910 689 est
940 652 980 689 in
1012 652 1178 702 imagine
1211 653 1361 692 vivum.

227 709 313 760 ipsa
346 721 503 760 quoque
536 710 701 748 interius
734 721 823 748 cum
855 709 953 748 duro
985 709 1117 761 lingua
1148 710 1274 761 palato

228 767 414 819 Congelat
432 799 442 819 ,
474 773 514 806 et
544 779 664 806 venae
696 767 892 807 desistunt
921 780 1036 820 posse
1070 770 1240 821 moveri3

229 826 308 865 Nec
340 826 445 865 ssecti
478 828 608 865 cervix
641 838 713 865 nec
745 826 927 866 bracchia
959 826 1124 866 reddere
1156 836 1287 866 motus

229 885 308 924 Nec
339 897 409 936 pes
442 887 498 923 ire
531 891 688 936 potest:
720 886 823 924 intra
855 897 1012 937 quoque
1044 887 1194 925 viscera
1213 898 1348 926 saxum
1369 895 1449 928 est.

139 950 208 982 310
228 943 313 983 Flet
344 950 503 994 tamen,
536 950 575 982 et
606 943 720 982 validi
752 944 990 983 circumdata
1023 944 1178 984 turbine
1212 947 1317 984 venti

229 1002 272 1041 In
301 1004 466 1053 patriam
498 1009 607 1053 rapta
640 1009 728 1041 est.
767 1002 820 1041 ibi
851 1003 924 1041 fixa
957 1005 1157 1042 cacumine
1190 1005 1333 1043 montis

228 1060 408 1112 Liquitur
427 1093 438 1113 ‚
471 1068 510 1099 et
541 1060 717 1100 lacrimas
751 1063 866 1100 etiam
904 1073 1009 1100 nunc
1047 1073 1240 1101 marmora
1272 1070 1449 1102 manant.

287 1120 389 1159 Tum
420 1131 512 1158 vero
545 1121 677 1158 cuncti
709 1121 953 1159 manifestam
985 1122 1156 1160 numinis
1188 1123 1286 1160 iram

230 1178 387 1217 Femina
420 1181 557 1229 virque
589 1180 757 1230 timent,
789 1178 976 1230 cultuque
1008 1181 1213 1230 inpensius
1245 1192 1380 1219 omnes

140 1245 205 1275 315
229 1237 364 1288 Magna
395 1237 666 1288 gemelliparae
698 1244 936 1277 venerantur
967 1240 1127 1277 numina
1159 1238 1291 1278 divae.

230 1295 355 1347 thue
388 1296 460 1349 fit,
491 1308 511 1334 a
544 1296 645 1334 facto
678 1297 862 1348 propiore
894 1297 1026 1348 priora
1057 1304 1286 1336 renarrant.

228 1354 258 1393 E
292 1354 434 1405 quibus
466 1366 569 1393 unus
601 1356 682 1393 ait:
715 1351 868 1405 ‘Lyciae
902 1367 1057 1406 quoque
1090 1355 1230 1395 fertilis
1263 1358 1366 1406 agris

228 1412 313 1452 Non
346 1415 492 1464 inpune
525 1413 636 1452 deam
669 1419 820 1452 veteres
853 1425 1037 1465 sprevere
1071 1414 1220 1454 coloni.

229 1471 305 1510 Res
338 1471 504 1510 obscura
537 1471 694 1522 quidem
726 1478 787 1510 est
817 1471 1058 1523 ignobilitate
1090 1474 1286 1524 virorum,

142 1537 207 1568 320
229 1530 324 1569 Mira
358 1537 514 1569 tamen.
554 1530 629 1568 vidi
663 1542 849 1581 praesens
881 1538 1143 1582 stagnumque
1175 1531 1382 1582 locumque

230 1588 410 1640 l'rodigio
444 1595 607 1627 notum.
648 1600 735 1627 nam
767 1601 828 1627 me
861 1591 937 1627 iam
968 1589 1152 1640 grandior
1185 1601 1278 1629 aevo

233 1648 507 1699 inpatiensque
541 1648 622 1685 viae
655 1648 808 1698 genitor
840 1647 1035 1686 deducere
1068 1648 1190 1687 lectos

230 1706 399 1745 iusserat
429 1706 520 1744 inde
553 1705 671 1744 boves
690 1738 700 1758 ,
733 1707 938 1756 gentisque
971 1706 1074 1746 illius
1107 1708 1216 1746 eunti

229 1765 315 1815 lpse
347 1765 487 1803 ducem
519 1764 708 1803 dederat.
747 1776 837 1803 cum
868 1776 944 1815 quo
971 1765 1063 1804 dum
1095 1777 1240 1816 pascua
1272 1765 1420 1818 lustro,

140 1830 205 1861 325
227 1822 330 1862 Ecce
361 1823 448 1862 lacu
481 1822 608 1862 medio
642 1834 844 1861 sacrorum
876 1824 986 1874 nigra
1019 1823 1144 1862 favilla

227 1883 302 1920 Ara
334 1888 446 1921 vetus
478 1880 633 1933 stabat,
665 1881 844 1920 tremulis
878 1881 1118 1921 circumdata
1150 1884 1308 1922 cannis.

226 1940 417 1992 Restitit,
448 1947 489 1979 et
517 1940 655 1991 pavido
689 1937 831 1978 ‘faveas
865 1937 974 1979 mihi'
1006 1952 1210 1979 murmure
1243 1941 1339 1980 dixit

227 1998 311 2037 Dux
344 2010 485 2050 meus;
518 2005 557 2037 et
587 1997 702 2038 simili
736 1995 894 2037 ‘faveas'
928 2010 998 2050 ego
1032 2011 1234 2038 murmure
1266 1999 1366 2038 dixi.

227 2056 415 2096 Naiadum
434 2088 446 2109 ,
477 2056 651 2096 Faunine
685 2058 785 2095 soret
818 2063 946 2095 tamen
979 2069 1044 2096 ara
1063 2090 1073 2109 ‚
1106 2057 1309 2110 rogabam,

140 2123 208 2155 330
228 2115 486 2167 indigenaeve
517 2115 608 2155 dei:
641 2127 730 2154 cum
762 2114 851 2154 talia
883 2115 1035 2154 rettulit
1066 2116 1233 2168 hospes:

228 2171 350 2213 “Non
382 2173 454 2213 hae
472 2205 483 2226 ,
514 2186 537 2213 ο
569 2175 751 2226 iuvenis,
782 2180 1012 2213 montanum
1032 2186 1178 2213 numen
1196 2175 1238 2213 in
1269 2186 1334 2213 ara
1367 2182 1446 2213 est.

226 2231 293 2271 lna
324 2244 435 2272 suam
465 2239 578 2272 vocat
609 2232 732 2285 hanc,
764 2233 829 2272 cui
860 2232 1055 2283 quondam
1087 2234 1195 2284 regia
1226 2234 1395 2273 coniunx

227 2289 331 2329 Orbe
362 2290 593 2343 interdixit3
625 2302 740 2342 quam
772 2291 834 2329 vix
866 2292 1032 2330 erratica
1063 2290 1178 2330 Delos

228 2347 435 2389 Errantem
466 2351 617 2402 accepit
634 2380 645 2402 ‚
677 2355 761 2389 tum
793 2360 882 2389 cum
914 2349 1009 2390 levis
1040 2349 1167 2389 insula
1199 2348 1335 2389 nabat.

1119 2417 1165 2449 8*
