1554 2563
534 123 602 157 ΧΠ
617 151 625 167 ,
652 127 839 159 429-504
851 151 858 158 .
999 136 1150 160 CARNEUS
1287 123 1370 166 251

59 241 126 272 470
148 230 228 272 “Et
256 239 294 272 te
312 265 324 286 ‚
357 232 504 286 Caeni,
529 234 652 273 feram
670 230 692 272 ⁴?
724 245 812 272 nam
838 239 881 272 tu
908 233 1003 272 mihi
1027 234 1170 273 femina
1196 246 1372 286 semper,

145 292 205 331 Tu
239 292 332 330 mihi
365 291 504 331 Caenis
536 294 643 331 eris.
682 304 755 330 nec
786 298 824 331 te
858 292 994 331 natalis
1027 294 1136 344 ori-go

147 350 425 404 Commonust,
456 357 708 402 mentemque
741 350 878 403 subit,
911 363 987 402 quo
1019 353 1192 403 praemia
1224 352 1349 403 facto,

146 409 309 460 Quaque
340 410 415 449 viri
446 409 581 449 falsam
613 411 785 461 speciem
816 409 999 448 mercede
1030 412 1180 461 pararis
1199 407 1221 449 *Ρ

145 467 214 506 Vel
246 468 339 519 quid
371 473 460 507 nata
479 500 491 521 ,
522 468 608 507 vide
627 500 638 521 ‚
669 468 730 507 vel
762 468 854 519 quid
888 469 940 507 sis
965 480 1108 521 passa3
1141 468 1372 521 columque,

58 527 192 579 4751,
225 539 320 578 cape
353 539 443 566 cum
475 527 665 579 calathis,
697 533 737 566 et
768 528 932 566 stamina
963 526 1103 579 pollice
1136 533 1301 579 torque:

145 585 251 625 Bella
283 585 462 636 relinque
494 587 588 625 viris
609 582 650 624 ‚³⁹
683 587 843 625 iactanti
874 585 964 625 talia
997 585 1173 626 Caeneus

145 644 360 683 Extentum
393 656 512 684 cursu
544 646 662 684 missa
693 644 794 684 latus
827 646 932 684 eruit
961 644 1093 697 hasta,

147 703 231 748 Qua
255 704 315 741 vir
346 715 447 754 equo
481 704 715 742 commissus
748 709 860 742 erat.
898 704 994 742 furit
1024 703 1088 742 ille
1121 703 1279 755 dolore,

145 761 334 812 Nudaque
366 761 517 813 Phyllei
548 763 701 801 iuvenis
733 763 824 801 ferit
855 774 923 800 ora
955 763 1120 802 sarissa.

58 829 126 860 480
146 820 233 859 Νο11
258 832 373 859 secus
398 820 494 859 haec
521 821 675 873 resilit,
700 833 816 872 quam
841 822 936 860 tecti
962 833 982 858 a
1008 821 1178 860 culmine
1204 820 1374 873 grand0‚

146 880 223 918 Aut
254 880 377 930 siquis
412 891 532 930 parvo
565 880 679 918 feriat
711 891 802 918 cava
833 885 1014 931 tympana
1046 892 1160 919 saxo.

148 938 376 976 Comminus
408 938 664 990 aggreditur,
695 938 887 989 laterique
919 938 1135 978 recondere
1168 938 1268 978 duro

147 995 335 1035 Luctatur
367 996 568 1047 gladium:
599 997 725 1048 gladio
757 997 841 1036 loca
873 998 1005 1050 pervia
1036 1009 1115 1036 non
1147 1003 1261 1036 sunt.

149 1052 293 1094 “Haud
326 1061 456 1094 tamen
489 1054 681 1107 effugies!
714 1055 842 1094 medio
875 1055 1114 1106 iugulaberis
1146 1067 1264 1108 ense,

60 1121 127 1153 485
150 1113 477 1165 Quandoquidem
509 1126 645 1153 mucro
678 1120 739 1153 est
769 1110 922 1153 hebes„
954 1116 1110 1166 inquit,
1143 1120 1182 1154 et
1211 1116 1252 1153 111

1107 1172 1208 1212 latus
1240 1184 1374 1212 ensem

148 1231 333 1282 Obliquat
364 1231 556 1283 longaque
589 1231 838 1283 amplectitur
870 1231 933 1271 ilia
966 1231 1125 1285 dextra,

149 1290 282 1341 [Plaga
314 1291 406 1329 facit
436 1292 604 1342 gemitus
636 1292 675 1329 in
709 1302 874 1342 corpore
906 1291 1113 1329 marmoris
1144 1291 1212 1329 icti
1224 1289 1254 1343 ‚]

147 1348 363 1399 Fractaque
390 1348 560 1388 dissiluit
589 1361 779 1401 percusso
812 1349 994 1388 lammina
1025 1348 1144 1388 callo.

148 1407 198 1446 Ut
230 1409 325 1446 satis
356 1407 511 1446 illaesos
543 1409 703 1446 miranti
734 1407 916 1459 praebuit
947 1412 1081 1459 artus,

62 1475 129 1506 490
150 1463 294 1504 “Nunc
326 1478 395 1517 age
414 1463 440 1518 ‚³
473 1468 527 1505 ait
558 1465 734 1504 Caeneus
766 1463 918 1504 ‘nostro
951 1471 1016 1504 tua
1049 1477 1214 1516 corpora
1246 1466 1352 1504 ferro

149 1524 405 1576 Temptemus
426 1520 467 1563 !''
500 1524 717 1576 capuloque
750 1529 866 1563 tenus
898 1524 1055 1563 demisit
1085 1525 1126 1563 in
1158 1536 1288 1562 armos

149 1582 295 1622 Ensem
328 1583 557 1635 fatiferum,
590 1595 822 1634 caecamque
855 1584 896 1621 in
927 1584 1078 1621 viscera
1109 1584 1229 1622 movit

148 1641 402 1692 Versavitque
435 1653 593 1680 manum
613 1673 623 1693 ,
655 1641 875 1692 vulnusque
907 1642 946 1680 in
979 1640 1140 1680 vulnere
1172 1642 1287 1680 fecit.

150 1700 256 1739 Ecce
288 1706 411 1739 ruunt
442 1706 550 1739 vasto
583 1699 707 1739 rabidi
740 1699 909 1739 clamore
940 1699 1201 1752 bimembres,

63 1767 131 1798 495
151 1758 323 1810 Telaque
355 1761 395 1797 in
426 1759 531 1798 hunc
563 1771 700 1797 omues
726 1770 848 1797 unum
874 1760 1114 1810 mittuntque
1140 1759 1374 1809 feruntque.

150 1817 243 1857 Tela
274 1822 408 1856 retusa
440 1817 585 1856 cadunt
604 1849 615 1869 ‚
647 1824 778 1856 manet
808 1818 1054 1868 inperfossus
1085 1816 1132 1855 ab
1165 1818 1271 1856 omui

149 1875 272 1928 inque
305 1882 534 1915 cruentatus
567 1875 743 1914 Caeneus
776 1874 947 1914 Elateius
979 1877 1082 1914 ictu.

150 1935 315 1974 Fecerat
345 1937 530 1974 attonitos
562 1947 660 1973 nova
691 1946 754 1972 res
775 1964 783 1972 .
817 1930 925 1972 “heu
957 1933 1128 1973 dedecus
1159 1935 1298 1985 ingens
1311 1930 1336 1973 !'

150 1993 365 2045 Monychus
397 1993 586 2033 exclamat
619 1990 802 2044 ‘populus
834 2004 1068 2044 superamur
1100 1991 1146 2030 ab
1178 2005 1282 2045 uno,

65 2059 131 2092 500
150 2051 300 2103 Vixque
332 2053 415 2091 viro
436 2083 445 2092 .
484 2063 720 2103 quamquam
752 2050 815 2089 ille
847 2052 906 2089 vir
938 2056 1028 2103 est,
1059 2062 1131 2089 nos
1163 2051 1348 2102 segnibus

1282 2111 1378 2148 actis

153 2169 266 2215 Quod
284 2170 359 2209 fuit
379 2169 442 2208 ille
457 2201 468 2222 ,
495 2181 654 2208 sumus.
681 2168 774 2219 quid
794 2167 970 2207 membra
989 2169 1159 2207 inmania
1178 2165 1379 2219 prosunt?

154 2227 256 2273 Quid
288 2229 465 2279 geminae
498 2229 602 2266 vires
621 2258 632 2279 ,
664 2233 704 2266 et
736 2227 839 2278 quod
872 2227 1084 2266 fortissima
1115 2238 1250 2266 rerum

154 2285 197 2324 ln
228 2285 340 2325 nobis
373 2286 515 2338 duplex
548 2292 688 2325 natura
719 2285 897 2324 animalia
927 2282 1088 2324 iunxit?

153 2343 233 2383 Nec
265 2356 337 2383 nos
369 2352 492 2384 matre
526 2344 596 2383 dea
617 2376 626 2393 ‚
658 2356 731 2383 nec
763 2356 834 2383 nos
866 2343 998 2382 Ixione
1031 2351 1143 2383 natos
