1554 2563
102 104 182 146 198
339 118 493 140 caranus
647 103 862 138 METAMM
877 129 885 138 .

215 215 403 268 Pectora,
425 227 529 254 nunc
549 214 695 266 lapides
708 246 719 267 ‚
739 227 837 266 quos
858 214 988 254 umida
1008 216 1177 254 sustinet
1196 214 1280 253 lde.
1301 223 1328 248 ί.
1342 223 1422 249 exam

218 273 404 313 Orantem
437 274 664 325 frustraque
696 275 841 312 iterum
873 274 1042 312 transire
1073 273 1268 312 volentem

215 332 390 371 Portitor
422 339 632 372 arcuerat.
671 338 823 384 septem
855 337 985 371 tamen
1016 331 1080 371 ille
1112 331 1250 371 diebus

218 390 426 442 Squalidus
457 393 498 430 in
529 392 614 443 ripa
646 390 802 430 Cereris
835 392 918 430 sine
950 402 1115 430 munere
1147 390 1272 430 sedit:

153 457 196 488 ‘15
217 450 320 489 Cura
351 449 540 501 dolorque
573 451 691 489 animi
721 449 983 500 lacrimaeque
1015 449 1197 489 alimenta
1229 450 1361 488 fuere.

217 508 313 548 Esse
346 508 440 548 deos
471 508 592 548 Erebi
624 508 803 549 crudeles
836 514 1029 560 questus,
1062 509 1102 546 in
1134 508 1250 547 altam

218 566 267 606 Se
299 569 440 620 recipit
458 567 674 619 Rhodopen
704 567 941 619 pulsumque
961 566 1207 618 aquilonibus
1229 566 1438 606 Haemum.

216 625 373 665 Tertius
405 628 611 678 aequoreis
642 626 838 665 inclusum
869 625 1050 665 Piscibus
1081 638 1227 665 annum

215 684 388 724 Finierat
419 685 533 724 Titan
552 717 564 738 ,
595 697 829 736 omnemque
861 685 1062 736 refugerat
1093 684 1275 736 Orpheus

151 751 195 783 80
215 742 439 783 Femineam
469 743 691 797 Venerem,
723 756 793 783 seu
825 743 929 795 quod
962 743 1059 782 male
1093 749 1266 782 cesserat
1297 743 1374 796 illi,

217 801 306 841 Sive
337 803 454 842 fidem
486 802 675 842 dederat.
714 802 856 841 multas
886 808 1017 841 tamen
1049 801 1164 841 ardor
1198 801 1364 841 habebat

215 861 381 913 Iungere
414 874 456 901 se
488 863 593 901 vati:
625 861 769 901 multae
802 861 963 900 doluere
994 860 1197 912 repulsae.

214 919 283 959 Ille
315 922 431 959 etiam
462 920 659 959 Thracum
690 919 845 971 populis
877 920 951 959 suit
982 925 1147 973 auctor,
1179 931 1351 959 amorem

215 978 259 1018 In
290 984 448 1018 teneros
481 980 696 1018 transferre
728 991 885 1032 mares,
917 980 1093 1030 citraque
1124 980 1322 1018 iuventam

151 1044 195 1076 85
216 1038 363 1077 Aetatis
394 1038 513 1077 breve
545 1049 614 1077 ver
645 1043 684 1077 et
714 1039 862 1089 primos
895 1050 1056 1089 carpere
1087 1037 1227 1076 flores.

275 1096 392 1136 Collis
425 1104 537 1149 erat,
570 1096 787 1148 collemque
820 1109 938 1148 super
968 1096 1193 1148 planissima
1226 1098 1351 1148 campi

216 1155 345 1208 Area,
378 1168 494 1206 quam
527 1156 691 1195 viridem
723 1155 917 1194 faciebant
948 1156 1134 1207 graminis
1166 1154 1333 1194 herbae.

217 1213 362 1253 Umbra
393 1214 478 1253 loco
511 1214 673 1253 deerat.
713 1226 789 1265 qua
819 1220 1026 1265 postquam
1058 1220 1167 1265 parte
1199 1213 1347 1253 resedit

214 1271 281 1311 Dis
312 1274 467 1324 genitus
500 1279 606 1312 vates
639 1278 678 1312 et
707 1273 769 1311 fila
801 1274 978 1312 sonantia
1009 1275 1151 1325 movit,
1277 1268 1281 1270 ⁴

151 1339 195 1370 90
215 1330 360 1370 Umbra
391 1331 476 1371 loco
509 1334 614 1371 venit
634 1363 642 1370 .
686 1344 765 1370 non
797 1331 965 1370 Chaonis
996 1332 1093 1370 afuit
1124 1331 1263 1383 arbor,

215 1389 301 1429 Non
333 1402 472 1430 nemus
504 1389 739 1442 Heliadum,
772 1402 849 1429 non
882 1389 1086 1429 frondibus
1118 1390 1297 1429 aesculus
1331 1390 1439 1443 altis,

216 1448 296 1488 Nec
328 1449 431 1488 tiliae
464 1449 600 1488 molles
618 1480 630 1501 ‚
661 1461 734 1488 nec
766 1449 876 1500 sagus
909 1455 948 1488 et
978 1448 1124 1488 innuba
1155 1449 1314 1503 laurus,

215 1507 296 1547 Nec
329 1508 450 1559 coryli
481 1508 637 1559 fragiles
670 1514 709 1547 et
739 1508 914 1547 fraxinus
946 1508 1052 1546 utilis
1078 1507 1200 1547 hastis

215 1566 440 1618 Enodisque
473 1566 579 1606 abies
611 1568 832 1617 cirrataque
864 1566 1068 1618 glandibus
1100 1566 1175 1605 ilex

151 1633 194 1664 95
216 1625 267 1664 Et
296 1625 476 1677 platanus
509 1625 671 1677 genialis
703 1637 871 1676 acerque
904 1624 1102 1664 coloribus
1133 1627 1269 1678 inpar,

216 1684 519 1736 Amnicolaeque
552 1684 668 1724 simul
700 1684 839 1723 salices
873 1690 912 1723 et
942 1685 1120 1735 aquatica
1150 1684 1251 1723 lotos

214 1742 492 1794 Perpetuoque
517 1745 648 1782 virens
681 1742 829 1782 buxum
860 1747 1079 1794 tenuesque
1111 1743 1280 1794 myricae

215 1801 266 1841 Et
295 1801 446 1841 bicolor
478 1808 629 1854 myrtus
661 1808 701 1841 et
731 1801 837 1841 bacis
870 1801 1024 1840 caerula
1057 1803 1185 1840 tinus.

215 1859 291 1899 Vos
324 1873 480 1912 quoque
499 1892 510 1913 ,
541 1860 752 1912 flexipedes
783 1859 950 1898 hederae
969 1892 980 1912 ,
1013 1861 1174 1899 venistis
1207 1865 1245 1899 et
1276 1872 1351 1899 una

130 1927 195 1958 100
215 1919 449 1971 Pampineae
481 1921 580 1958 vites
612 1925 652 1958 et
682 1920 844 1958 amictae
876 1918 1018 1957 vitibus
1050 1918 1170 1958 ulmis

216 1978 392 2029 Ornique
424 1984 464 2017 et
494 1979 626 2029 piceae
658 1989 853 2030 pomoque
885 1983 1042 2016 onerata
1075 1976 1233 2016 rubenti

217 2036 390 2077 Arbutus
421 2043 460 2076 et
491 2037 618 2076 lentae
636 2068 648 2089 ,
679 2037 839 2075 victoris
870 2037 1041 2087 praemia
1060 2067 1070 2087 ‚
1102 2035 1250 2087 palmae

218 2096 266 2135 Et
296 2097 496 2135 succincta
528 2107 658 2134 comas
690 2095 919 2145 hirsutaque
951 2096 1096 2133 vertice
1128 2096 1269 2147 pinus,

217 2154 333 2194 Grata
365 2154 482 2194 deum
514 2155 658 2205 matri3
691 2153 885 2205 siquidem
917 2152 1121 2203 Cybeleius
1153 2154 1254 2192 Attis

131 2221 194 2251 105
217 2213 334 2252 Exuit
357 2213 430 2252 hac
455 2212 679 2265 hominem=
704 2218 925 2264 truncoque
951 2211 1129 2250 induruit
1153 2211 1242 2251 illo.
1289 2219 1308 2246 f.
1328 2219 1422 2246 0x1vn

273 2271 394 2310 Affuit
424 2271 516 2311 huic
548 2270 685 2310 turbae
719 2276 841 2309 metas
872 2271 1020 2309 imitata
1052 2282 1287 2323 cupressus,

215 2328 328 2369 Nunc
360 2329 477 2368 arbor
494 2361 506 2382 ,
536 2342 636 2382 puer
668 2335 757 2368 ante
789 2328 862 2368 deo
895 2327 1062 2368 dilectus
1095 2328 1142 2367 ab
1173 2328 1263 2381 illo,
