1554 2563
81 117 137 157 50
300 128 455 151 aennon
632 113 846 148 METAMM
861 140 868 147 .

113 234 179 265 140
198 225 366 277 Addita,
398 235 546 275 vosque
578 235 694 263 canes
726 225 886 264 satiatae
919 224 1107 274 sanguine
1140 222 1248 262 erili.

198 286 247 323 At
277 283 378 322 benc
404 285 437 322 si
469 294 663 336 quaeras,
695 283 875 322 fortunae
908 284 1057 321 crimen
1088 282 1129 320 in
1161 280 1250 333 illo,

198 342 283 381 Non
305 341 434 381 scelus
453 343 629 380 invenies
649 372 658 380 .
690 340 793 392 quod
815 341 918 380 enim
940 339 1068 380 scelus
1088 351 1201 378 error
1219 336 1420 378 habebat?

199 400 310 439 Mons
343 406 427 439 erat
457 400 628 439 infectus
659 401 855 439 variarum
886 399 1004 438 caede
1035 399 1231 450 ferarum,

197 459 356 510 Iamque
388 458 472 498 dies
503 458 655 498 medius
686 470 821 497 rerum
853 461 1103 497 contraxerat
1131 455 1290 496 umbras

110 525 172 556 145
193 517 243 556 Et
276 517 334 556 sol
366 529 412 556 ex
445 528 569 568 aequo
601 522 704 556 meta
738 515 906 556 distabat
935 521 1127 567 utraque:

199 576 297 616 Cum
328 577 478 615 iuvenis
510 575 661 627 placido
693 588 763 627 per
795 575 904 614 devia
936 574 1059 613 lustra
1084 578 1267 624 vagantes

197 634 413 686 Participes
445 646 609 686 operum
641 633 846 685 compellat
877 632 1067 685 Hyantius
1099 644 1191 671 ore:

199 690 311 733 ‘Lina
341 692 528 745 madent,
559 693 722 732 comites
746 724 758 745 ,
789 693 1017 742 ferrumque
1050 701 1192 730 cruore
1224 689 1421 742 ferarum,

198 752 490 803 Fortunamque
521 750 605 790 dies
636 750 772 790 habuit
803 751 896 790 satis
916 781 925 789 .
963 750 1084 789 altera
1115 749 1243 788 lucem

114 818 179 850 150
199 810 297 850 Cum
329 812 480 850 croceis
510 811 662 849 invecta
694 810 792 848 rotis
823 809 973 848 Aurora
1006 808 1192 860 reducet,

199 869 452 921 Propositum
483 874 709 920 repetemus
741 879 840 920 opus
860 898 870 907 .
901 879 1007 906 nunc
1037 865 1220 906 Phoebus
1253 872 1419 917 utraque

198 928 324 967 Distat
354 927 457 966 idem
489 933 596 966 creta
615 958 626 980 ,
657 926 848 977 finditque
879 924 1088 977 vaporibus
1114 937 1226 965 arva.

200 986 335 1026 Sistite
368 998 466 1037 opus
498 997 709 1037 praesens,
741 984 966 1035 nodosaque
997 983 1122 1024 tollite
1153 981 1270 1024 lina.'

198 1045 309 1084 Iussa
338 1045 413 1083 viri
443 1045 592 1083 faciunt
622 1045 967 1094 intermittuntque
999 1042 1195 1082 lahorem.

114 1110 179 1142 155
199 1103 315 1143 Vallis
347 1108 432 1142 erat
461 1103 584 1154 piceis
616 1108 656 1142 et
687 1108 800 1141 acuta
831 1101 951 1141 densa
983 1113 1199 1154 cupressu,

198 1161 364 1201 Nomine
396 1161 612 1212 Gargaphie
630 1192 641 1214 ,
673 1161 896 1200 succinctae
929 1170 1039 1199 sacra
1069 1159 1236 1212 Dianae,

200 1220 319 1260 Cuius
350 1221 391 1260 in
422 1225 597 1258 extremo
629 1225 690 1258 est
720 1224 877 1258 antrum
908 1217 1105 1257 nemorale
1136 1230 1321 1270 recessu,

199 1282 293 1318 Arte
324 1277 542 1317 laboratum
573 1277 707 1317 nulla:
738 1277 988 1317 simulaverat
1019 1282 1142 1315 artem

200 1337 360 1389 Ingenio
393 1342 531 1376 natura
563 1348 664 1387 suo;
697 1349 783 1375 nam
815 1337 970 1387 pumice
1003 1336 1087 1374 vivo

113 1404 179 1435 160
198 1395 248 1435 Et
279 1395 429 1435 levibus
460 1396 548 1434 tofis
582 1397 754 1434 nativum
785 1394 950 1433 duxerat
980 1405 1137 1433 arcum.

199 1454 302 1493 Fons
334 1460 445 1493 sonat
476 1466 497 1492 a
529 1454 664 1493 dextra
695 1454 805 1492 tenui
836 1451 1063 1504 perlucidus
1094 1452 1218 1503 unda,

199 1513 372 1564 Margine
403 1513 602 1564 gramineo
633 1511 786 1563 patulos
819 1512 1014 1550 incinctus
1045 1510 1198 1550 hiatus.

201 1571 272 1611 Hic
304 1571 375 1611 dea
408 1570 591 1610 silvarum
623 1576 764 1609 venatu
798 1569 899 1608 fessa
931 1568 1080 1608 solebat

198 1629 402 1681 virgineos
434 1635 542 1668 artus
574 1627 721 1680 liquido
754 1627 992 1679 perfundere
1023 1639 1138 1667 rore.

114 1696 178 1729 165
200 1689 286 1734 Quo
317 1694 524 1739 postquam
557 1686 705 1739 subiit,
738 1686 995 1737 nympharum
1026 1686 1186 1725 tradidit
1218 1686 1285 1725 uni

199 1748 423 1797 Armigerae
455 1745 625 1784 iaculum
656 1745 958 1796 pharetramque
997 1755 1190 1796 arcusque
1222 1750 1421 1797 retentos3

200 1805 330 1844 Altera
362 1804 561 1856 depositae
594 1803 762 1842 subiecit
792 1803 973 1842 bracchia
1003 1802 1150 1855 pallae3

199 1862 330 1902 Vincla
363 1863 461 1901 duae
492 1861 657 1914 pedibus
688 1862 878 1901 demunt.
917 1873 1005 1900 nam
1036 1860 1189 1900 doctior
1220 1860 1295 1900 illis

199 1922 364 1961 Ismenis
397 1919 557 1960 Crocale
590 1932 746 1972 sparsos
778 1931 848 1970 per
880 1919 976 1958 colla
1008 1919 1166 1970 capillos

115 1988 181 2020 170
203 1980 357 2031 Colligit
387 1981 427 2019 in
460 1979 634 2018 nodum.
673 1977 867 2029 [quamvis
899 1985 982 2016 erat
1012 1979 1095 2029 ipsa
1127 1977 1264 2017 solutis
1284 1977 1312 2028 .]

200 2038 410 2090 Excipiunt
440 2037 594 2077 laticem
625 2036 875 2088 Nepheleque
907 2034 1105 2087 Hyaleque
1137 2036 1362 2088 Rhanisque

200 2096 250 2136 Et
279 2097 421 2136 Psecas
454 2102 493 2135 et
522 2095 654 2134 Phiale
672 2128 683 2148 ,
715 2095 962 2145 funduntque
994 2094 1201 2146 capacibus
1232 2096 1366 2134 urnis.

202 2155 380 2206 Dumque
412 2154 466 2193 ihi
497 2154 692 2206 perluitur
724 2152 835 2192 solita
866 2152 1019 2192 Titania
1048 2152 1226 2206 lympha,

201 2213 303 2252 Ecce
336 2225 458 2264 nepos
490 2212 623 2252 Cadmi
655 2211 770 2251 dilata
801 2216 911 2263 parte
942 2210 1121 2250 laborum

120 2280 181 2311 175
202 2271 278 2310 Per
304 2284 442 2310 nemus
474 2273 651 2323 ignotum
683 2282 761 2310 non
793 2270 911 2309 certis
936 2269 1116 2321 passibus
1148 2281 1284 2309 errans

202 2329 385 2369 Pervenit
416 2331 456 2368 in
487 2330 649 2369 lucum:
682 2330 738 2368 sic
769 2328 878 2368 illum
903 2328 979 2366 sata
1011 2327 1207 2368 ferebant.

1528 687 1544 840 ἱ,

1538 1937 1545 1947 x
1531 1314 1554 1927 vcdfflmm
1543 1284 1548 1304 ’-

1532 2466 1553 2563 μ’*
1527 2358 1554 2460 δὴ·
