1554 2563
578 117 648 154 VII
662 146 671 162 ,
698 122 884 154 192—264
898 145 906 155 .
1057 131 1173 153 unum
1334 117 1414 159 133

189 229 308 269 Multa
329 241 485 281 quoque
505 229 737 282 Amphrysi3
763 240 892 280 neque
913 240 1000 267 eras
1020 230 1218 281 inmunis,
1237 227 1415 280 Enipeu:

103 297 170 329 230
189 288 271 328 Nec
303 301 381 327 non
412 288 568 328 Peneus
587 320 598 341 ,
630 300 703 327 nec
735 299 812 326 non
846 287 1108 338 Spercheides
1140 287 1268 326 undae

189 346 450 386 Contribuere
482 347 627 398 aliquid
652 379 662 399 ,
694 348 934 397 iuncosaque
965 346 1079 385 litora
1110 346 1283 386 Boebes.

190 405 345 458 Carpsit
376 411 416 445 et
445 404 619 445 Euboica
651 407 760 444 vivax
791 405 1022 444 Anthedone
1055 417 1240 456 gramen,

189 464 372 503 Nondum
404 470 552 504 mutato
585 464 784 515 vulgatum
815 475 982 515 corpore
1015 463 1172 503 Glauci.

189 522 239 562 Et
268 524 346 562 iam
370 535 473 562 nona
503 523 588 562 dies
620 535 742 562 curru
772 525 992 574 pennisque
1025 523 1240 562 draconum

103 590 170 622 235
190 581 379 633 Nonaque
412 593 489 620 nox
520 593 656 621 omnes
689 581 924 621 lustrantem
956 581 1107 620 viderat
1138 593 1275 633 agros,

190 640 288 680 Cum
308 640 454 680 rediit.
493 652 622 692 neque
650 646 762 679 erant
782 641 876 679 tacti
894 672 906 692 ,
931 642 1007 679 nisi
1027 640 1146 679 odore
1167 673 1176 691 ,
1203 641 1417 692 dracones,

190 699 240 738 Et
271 705 402 738 tamen
435 710 606 738 annosae
638 699 779 751 pellem
811 710 979 751 posuere
1012 706 1216 739 senectae.

191 758 377 797 Constitit
407 758 617 798 adveniens
649 759 746 798 citra
778 758 976 809 limenque
1009 758 1217 809 foresque,

189 816 240 856 Et
270 822 422 856 tantum
454 817 560 856 caelo
594 818 768 868 tegitur:
800 818 1024 868 refugitque
1057 817 1189 856 viriles

102 883 172 915 240
192 875 404 915 Contactus
425 905 434 915 .
472 878 687 927 statuitque
719 887 805 914 aras
838 887 859 914 e
891 876 1062 927 caespite
1093 875 1228 926 binas,

192 934 422 974 Dexteriore
453 933 622 974 Hecates
641 965 653 987 ,
684 940 744 973 ast
775 934 881 973 laeva
912 939 1023 986 parte
1055 933 1240 974 luventae
1260 965 1270 974 .

190 992 267 1032 Has
299 992 368 1032 ubi
399 992 580 1032 verbenis
613 993 786 1044 silvaque
818 994 983 1032 incinxit
1014 994 1182 1045 agresti,

190 1051 302 1091 Haud
333 1052 473 1103 procul
503 1057 636 1103 egesta
667 1051 873 1091 scrobibus
905 1051 1046 1090 tellure
1077 1051 1229 1091 duabus

192 1110 311 1149 Sacra
343 1111 464 1162 facit,
496 1110 723 1162 cultrosque
756 1112 795 1149 in
828 1115 987 1161 guttura
1020 1109 1175 1149 velleris
1202 1112 1277 1150 atri

102 1176 172 1209 245
194 1169 375 1221 Conicit,
408 1175 447 1208 et
478 1169 628 1220 patulas
662 1169 863 1221 perfundit
894 1170 1083 1220 sanguine
1116 1169 1263 1208 fossas.

191 1227 293 1267 Tum
324 1239 445 1279 super
476 1230 685 1278 invergens
717 1227 854 1279 liquidi
886 1227 1085 1267 carchesia
1117 1227 1255 1267 bacchi

191 1286 399 1338 Aeneaque
432 1288 640 1338 invergens
672 1286 793 1338 tepidi
826 1286 1025 1326 carchesia
1056 1286 1166 1325 lactiS

192 1344 318 1384 Verba
351 1345 466 1383 simul
499 1344 628 1397 fudit,
661 1351 897 1395 terrenaque
930 1347 1091 1385 numina
1123 1346 1238 1398 civit,

192 1402 508 1455 Umbrarumque
539 1409 652 1455 rogat
683 1410 793 1455 rapta
825 1416 915 1443 cum
947 1405 1112 1455 coniuge
1144 1416 1302 1456 regem,

104 1469 172 1502 250
192 1462 249 1501 Ne
281 1468 496 1513 properent
527 1469 636 1501 artus
668 1464 796 1501 anima
828 1462 1009 1501 fraudare
1041 1462 1178 1502 senili.

193 1520 300 1566 Quos
331 1520 400 1560 ubi
432 1520 596 1572 placavit
626 1520 890 1572 precibusque
923 1527 962 1560 et
993 1533 1196 1561 murmure
1228 1521 1367 1573 longo,

192 1580 356 1618 Aesonis
389 1580 550 1618 effetum
581 1579 753 1631 proferri
784 1591 929 1631 corpus
961 1579 1008 1618 ad
1040 1591 1155 1619 auras

194 1637 344 1690 Iussit,
375 1643 414 1677 et
444 1639 485 1677 in
517 1637 655 1689 plenos
688 1638 907 1678 resolutum
940 1640 1111 1677 carmine
1145 1650 1303 1677 somnos

194 1695 374 1736 Exanimi
406 1696 573 1735 similem
605 1698 739 1735 stratis
771 1697 948 1748 porrexit
978 1698 1018 1735 in
1050 1696 1207 1736 herbis.

107 1761 174 1794 255
194 1754 296 1794 Hinc
326 1755 466 1807 procul
498 1755 719 1794 Aesoniden
739 1786 751 1808 ‚
781 1754 920 1807 procul
951 1755 1042 1795 hinc
1074 1755 1184 1795 iubet
1215 1757 1273 1794 ire

1197 1815 1421 1866 ministros,

194 1871 245 1912 Et
274 1878 409 1912 monet
439 1874 591 1913 arcanis
623 1872 758 1913 oculos
790 1884 993 1912 removere
1026 1873 1231 1925 profanos.

194 1930 411 1982 Diffugiunt
442 1933 540 1971 iussi
560 1962 568 1970 .
607 1933 732 1983 passis
763 1931 896 1971 Medea
930 1931 1079 1983 capillis

194 1988 458 2029 Bacchantum
490 1991 570 2029 ritu
602 1990 811 2041 flagrantes
844 1991 986 2029 circuit
1017 2002 1126 2042 aras,

194 2047 482 2100 Multifidasque
515 2049 619 2088 faces
650 2051 690 2088 in
723 2049 826 2087 sossa
857 2049 1058 2100 sanguims
1090 2053 1172 2088 atra

106 2114 175 2147 260
195 2106 355 2158 Tinguit
372 2138 384 2160 ,
416 2113 455 2146 et
485 2108 650 2147 infectas
682 2108 848 2159 geminis
881 2106 1058 2146 accendit
1090 2108 1130 2146 in
1163 2108 1264 2147 aris:

194 2164 350 2216 Terque
372 2177 507 2204 senem
528 2165 681 2205 flamma
698 2197 710 2219 ,
743 2171 803 2204 ter
835 2177 934 2217 aqua
952 2197 963 2218 ,
996 2171 1056 2204 ter
1076 2165 1238 2217 sulpure
1258 2165 1422 2205 lustrat.

194 2223 348 2262 Interea
381 2223 550 2263 validum
583 2226 711 2276 posito
743 2223 986 2263 medicamen
1018 2227 1116 2263 aeno

195 2280 337 2321 Fervet
368 2287 408 2321 et
439 2282 586 2321 exultat
617 2284 847 2333 spumisque
881 2281 1124 2322 tumentibus
1156 2282 1280 2322 albet.

195 2338 278 2379 Illic
308 2339 521 2380 Haemonia
553 2340 704 2380 radices
736 2340 833 2380 valle
865 2346 1037 2380 resectas
