1554 2563
62 106 119 146 52
286 113 442 137 ΔοΤΔΕοκ
614 99 827 134 ΜΕΤΑΜΜ
842 126 849 133 .

181 212 314 263 Deque
346 210 437 262 lupo
470 215 658 261 concepta
689 208 806 260 Nape,
857 208 1107 259 pecudesque
1140 214 1273 247 secuta

94 280 160 312 215
180 270 387 310 Poemenis
405 300 417 322 ,
449 274 489 307 et
519 269 620 307 natis
653 269 833 306 comitata
865 266 1033 318 Harpyia
1067 265 1244 318 duobus,

182 330 233 369 Et
264 327 476 368 substricta
507 338 648 378 gerens
681 326 886 377 Sicyonius
917 325 982 364 ilia
1013 325 1145 363 Ladon

182 388 233 428 Et
263 387 426 426 Dromas
459 391 500 424 et
530 384 679 424 Canace
713 385 915 435 Sticteque
947 389 987 423 et
1016 383 1146 435 Tigris
1179 389 1218 422 et
1242 382 1358 434 Alce,

183 446 233 486 Et
264 447 387 485 niveis
419 444 578 483 Leucon
597 475 608 496 ,
640 450 679 483 et
705 443 803 482 villis
835 442 1002 482 Asbolus
1037 443 1156 495 atris,

183 503 511 555 Praevalidusque
544 502 673 542 Lacon
704 508 743 541 et
775 513 895 540 cursu
927 502 1039 540 sortis
1070 500 1176 540 Aello

97 573 164 604 220
184 563 234 603 Et
258 563 393 602 Thous
425 568 465 601 et
496 562 637 613 Cyprio
670 560 780 600 velox
813 572 902 599 cum
934 561 1054 599 fratre
1087 559 1270 612 Lycisce,

183 623 234 662 Et
265 624 417 673 nigram
447 620 576 660 medio
608 620 780 659 frontem
811 619 1020 658 distinctus
1053 618 1099 657 ab
1133 618 1217 657 albo

185 680 375 732 Harpalos
408 685 448 719 et
477 678 676 718 Melaneus
708 678 939 729 hirsutaque
972 689 1138 729 corpore
1170 677 1348 729 Lachne,

185 740 236 779 Et
265 745 376 791 patre
408 737 567 777 Dictaeo
592 769 603 790 ,
635 736 704 776 sed
736 742 860 776 matre
891 735 1084 775 Laconide
1117 738 1197 775 nati

186 797 334 837 Labros
359 803 399 836 et
428 796 621 848 Agriodus
640 827 651 848 ‚
682 802 723 835 et
752 801 888 835 acutae
919 796 1025 834 vocis
1056 794 1263 847 Hylactor,

98 865 165 897 225
187 857 373 907 Quosque
405 856 555 894 referre
576 866 685 893 mora
706 860 766 893 est
785 885 794 894 .
826 866 871 892 ea
896 853 1011 893 turba
1040 853 1222 905 cupidine
1243 853 1408 904 praedae

186 916 263 955 Per
294 926 414 966 rupes
446 913 707 965 scopulosque
740 912 925 964 adituque
958 913 1131 951 carentia
1162 924 1250 951 saxa

188 975 351 1025 Quaque
371 978 432 1012 est
450 972 619 1012 difficilis
637 1003 648 1024 ,
675 983 829 1023 quaque
850 976 910 1010 est
928 972 988 1010 via
1007 970 1111 1010 nulla
1130 1002 1141 1023 ,
1166 976 1408 1022 sequuntur.

188 1033 254 1071 Ille
286 1033 386 1082 fugit
416 1043 488 1082 per
520 1042 618 1081 quae
650 1031 778 1069 fuerat
808 1030 893 1069 loca
923 1041 1039 1081 saepe
1071 1035 1254 1080 secutus,

189 1091 275 1130 Heu
307 1090 472 1129 famulos
504 1089 604 1140 fugit
634 1090 717 1140 ipse
750 1088 872 1128 suos!
905 1087 1071 1127 clamare
1102 1087 1248 1127 libebat

102 1159 169 1190 230
190 1148 376 1189 ‘Actaeon
409 1161 479 1199 ego
512 1159 628 1200 sum,
661 1147 862 1186 dominum
893 1148 1118 1198 cognoscite
1150 1144 1364 1186 vestruml’

189 1208 314 1247 Verba
346 1209 474 1245 animo
507 1206 677 1245 desunt.
716 1211 874 1244 resonat
898 1205 1104 1244 latratibus
1136 1205 1292 1244 aether.

189 1267 321 1306 Prima
351 1265 636 1304 Melanchaetes
668 1266 708 1303 in
739 1270 850 1316 tergo
882 1264 1042 1303 vulnera
1074 1264 1190 1317 fecit,

190 1326 371 1364 Proxima
409 1323 691 1375 Theridamas3
724 1322 1004 1374 Oresitrophus
1041 1322 1167 1361 haesit
1203 1324 1244 1361 in
1282 1335 1410 1361 armo.

192 1384 360 1422 Tardius
393 1384 597 1434 exierant,
630 1382 698 1421 sed
730 1394 800 1433 per
833 1381 1062 1432 compendia
1093 1383 1237 1420 montis

104 1450 170 1482 235
191 1443 410 1493 Anticipata
441 1443 500 1480 via
532 1446 619 1479 est.
659 1440 861 1479 dominum
891 1439 1154 1479 retinentibus
1184 1440 1283 1491 illis,

193 1501 331 1540 Cetera
357 1499 472 1539 turba
504 1500 582 1538 coit
613 1500 845 1550 confertque
876 1499 917 1537 in
949 1510 1114 1549 corpore
1146 1498 1307 1537 denteS.

192 1560 271 1598 Iam
302 1559 386 1598 loca
418 1557 646 1597 vulneribus
685 1557 828 1596 desunt
848 1588 856 1596 .
894 1558 1014 1608 gemit
1044 1556 1108 1595 ille
1127 1588 1139 1610 ,
1171 1569 1413 1609 sonumque,

192 1618 277 1657 Etsi
308 1630 386 1656 non
418 1617 585 1655 hominis
603 1647 615 1669 ,
647 1628 764 1667 quem
795 1628 873 1654 non
904 1622 1035 1654 tamen
1066 1615 1184 1655 edere
1214 1617 1339 1668 possit

193 1677 341 1715 Cervus
360 1708 372 1728 ,
403 1675 521 1714 habet
538 1706 549 1727 ,
582 1676 820 1726 maestisque
840 1674 966 1726 replet
984 1675 1075 1725 iuga
1094 1680 1186 1713 nota
1205 1673 1413 1725 querellis.

105 1744 173 1775 240
196 1734 263 1785 [Et
294 1733 460 1785 genibus
492 1735 627 1784 pronis
659 1732 823 1784 supplex
849 1732 1065 1783 similisque
1097 1734 1251 1784 roganti

194 1793 431 1832 Circumfert
463 1794 601 1830 tacitos
632 1797 830 1842 tamquam
861 1802 931 1829 sua
962 1790 1144 1830 bracchia
1174 1791 1306 1831 vultus
1323 1790 1348 1840 .]

194 1853 244 1890 At
276 1853 438 1890 comites
471 1850 650 1901 rapidum
682 1850 806 1888 solitis
837 1848 1059 1888 hortatibus
1090 1861 1226 1900 agmen

194 1910 323 1961 Ignari
354 1910 563 1961 instigant,
594 1908 796 1958 oculisque
828 1908 1022 1946 Actaeona
1053 1915 1269 1961 quaerunt,

195 1968 245 2007 Et
276 1968 383 2007 velut
413 1967 617 2006 absentem
648 1968 827 2006 certatim
860 1966 1055 2005 Actaeona
1087 1966 1254 2005 clamant
1285 1989 1337 1994 —-

108 2035 175 2067 245
196 2027 252 2065 Ad
284 2038 428 2066 nomen
460 2031 577 2077 caput
607 2024 671 2064 ille
702 2025 826 2064 refert
858 2046 913 2052 —
946 2030 985 2064 et
1016 2024 1151 2063 abesse
1173 2033 1415 2076 queruntm,

195 2086 276 2124 Nec
309 2097 449 2136 capere
481 2084 631 2122 oblatae
665 2095 824 2134 segnem
855 2083 1078 2134 spectacula
1109 2083 1297 2134 praedae.

197 2143 321 2182 Vellet
353 2142 489 2182 abesse
522 2142 679 2194 quidem
698 2174 708 2193 ‚
740 2141 808 2180 sed
840 2141 978 2180 adest:
1009 2141 1202 2192 velletque
1234 2142 1388 2192 videre,

198 2202 283 2240 Non
317 2203 433 2240 etiam
465 2202 612 2240 sentire
639 2212 779 2239 canum
810 2200 891 2239 fera
924 2200 1025 2238 sacta
1056 2212 1240 2239 suorum.

197 2260 377 2310 Undique
411 2261 691 2310 circumstant,
723 2260 942 2309 mersisque
973 2260 1014 2296 in
1046 2270 1210 2310 corpore
1245 2259 1382 2298 rostris

112 2327 179 2359 250
201 2318 421 2357 Dilacerant
454 2318 541 2356 falsi
566 2318 767 2356 dominum
794 2316 867 2355 sub
899 2317 1064 2368 imagine
1098 2318 1224 2356 cervi.
