1554 2563
128 101 181 142 14
362 114 499 136 namma
677 100 892 135 METAMM
906 126 915 136 .

241 211 427 250 Protinus
460 209 557 249 alter
589 216 719 262 amat3
752 211 850 261 fugit
881 210 1001 250 altera
1034 223 1175 250 nomen
1208 212 1395 264 amantis,

154 276 222 309 475
244 270 436 309 Silvarum
468 268 642 308 tenebris
674 270 996 320 captivarumque
1030 270 1202 309 ferarum
1466 266 1472 270 “

240 328 400 367 Exuviis
432 327 605 379 gaudens
637 329 903 379 innuptaeque
936 328 1084 367 aemula
1116 327 1318 368 Phoebes.

241 386 342 426 Vitta
373 386 580 426 coercebat
610 388 760 437 positos
792 388 876 425 sine
908 387 992 438 lege
1025 386 1206 438 capillos.

233 445 352 484 'Multi
383 445 486 484 illam
517 447 666 496 petiere
685 476 697 497 ,
728 444 791 484 illa
823 452 996 484 aversata
1027 451 1207 497 petentes

241 504 451 555 Impatiens
483 515 702 555 expersque
734 505 807 542 viri
839 516 1046 543 nemorum
1077 506 1159 542 avia
1190 504 1354 557 lustrat,

153 570 220 602 480
239 562 321 601 Nec
341 562 434 614 quid
449 562 599 614 Hymen
613 594 624 615 ,
644 562 736 613 quid
757 563 898 615 Amor,
919 562 1011 614 quid
1028 564 1106 601 sint
1121 562 1286 602 conubia
1301 595 1311 614 ,
1331 569 1465 603 curat.

242 621 366 673 Saepe
398 627 509 673 pater
541 621 638 660 dixit
670 617 874 672 ‘generum
907 622 1030 674 mihi,
1062 621 1138 660 filia
1156 653 1168 673 ‚
1199 621 1319 660 debes
1334 618 1358 660 .'

242 681 366 731 Saepe
398 686 508 732 pater
540 680 637 719 dixit
677 676 811 718 ‘debes
843 680 966 732 mihi,
998 686 1085 719 nata
1105 712 1115 732 ,
1148 685 1310 732 nepotes
1323 676 1349 719 ,³

242 739 307 777 llla
326 771 336 790 ‚
369 739 474 778 velut
505 740 654 778 crimen
688 738 818 777 taedas
851 751 966 778 exosa
998 739 1145 790 iugales

240 797 409 836 Pulchra
440 798 663 836 verecundo
697 797 936 836 suffunditur
968 809 1035 836 ora
1067 797 1238 850 rubore,

153 863 220 896 485
241 856 362 907 Inque
395 858 518 908 patris
549 856 700 895 blandis
731 855 898 895 haerens
931 858 1083 895 cervice
1115 856 1271 895 lacertis

243 913 313 954 ‘Da
345 915 440 954 mihi
470 920 660 966 perpetua
679 946 690 967 ,
721 916 876 966 genitor
907 916 1107 954 carissime
1125 912 1152 968 ,³
1185 915 1282 954 dixit

245 971 490 1025 ‘virginitate
517 974 624 1013 frui.
657 973 765 1012 dedit
795 974 869 1012 hoc
900 979 1013 1025 pater
1044 979 1133 1012 ante
1166 969 1336 1012 Dianae?

242 1032 309 1071 Ille
343 1032 501 1084 quidem
532 1032 792 1084 obsequitur.
831 1032 900 1071 sed
933 1038 970 1071 te
996 1033 1115 1071 decor
1135 1034 1209 1071 iste
1230 1031 1334 1083 quod
1354 1038 1464 1084 optas

242 1091 339 1130 Esse
371 1096 504 1143 vetat,
535 1096 706 1142 votoque
736 1096 804 1129 tuo
837 1096 903 1130 tua
935 1091 1059 1129 forma
1090 1097 1306 1143 repugnat.

153 1157 221 1190 490
240 1149 424 1189 Phoebus
456 1156 586 1202 amat,
618 1151 800 1200 visaeque
833 1151 942 1201 cupit
973 1149 1140 1188 conubia
1172 1149 1376 1202 Daphnes,

242 1208 434 1260 Quodque
456 1211 564 1260 cupit
581 1240 592 1260 ‚
624 1215 756 1259 sperat
775 1222 785 1260 3
817 1220 965 1260 suaque
992 1208 1102 1247 illum
1128 1208 1284 1247 oracula
1304 1208 1462 1247 fallunt.

244 1267 372 1318 thue
405 1267 508 1306 leves
541 1267 707 1318 stipulae
739 1266 907 1318 demptis
939 1267 1145 1306 adolentur
1177 1268 1331 1319 aristis,

240 1325 292 1365 Ut
323 1326 472 1365 facibus
503 1338 641 1377 saepes
673 1325 840 1378 ardent,
873 1337 969 1376 quas
1001 1326 1104 1364 forte
1136 1327 1259 1364 viator

190 1379 192 1381 ’
241 1383 310 1423 Vel
341 1386 457 1423 nimis
489 1384 687 1436 admovit,
719 1384 778 1423 vel
804 1386 880 1422 iam
911 1383 984 1422 sub
1016 1384 1103 1423 luce
1136 1383 1323 1436 reliquit3

152 1450 220 1482 495
243 1443 307 1482 Sic
339 1442 437 1482 deus
468 1444 508 1482 in
539 1443 713 1481 flammas
745 1442 868 1494 abiit,
900 1444 956 1482 sic
987 1449 1146 1494 pectore
1181 1448 1261 1481 toto

242 1501 380 1541 Uritur
412 1507 452 1541 et
484 1502 659 1540 sterilem
691 1501 884 1553 sperando
917 1503 1042 1540 nutrit
1074 1512 1270 1540 amorem.

243 1560 402 1612 Spectat
433 1562 635 1599 inornatos
667 1560 767 1599 collo
799 1560 973 1611 pendere
1006 1560 1165 1611 capillos
1184 1591 1195 1612 ,

241 1619 291 1658 Et
322 1617 431 1670 ‘quid
450 1650 462 1671 ‚
493 1620 526 1657 si
559 1626 763 1657 comantur
783 1615 819 1658 ‘?'
852 1620 905 1658 ait
923 1650 932 1658 .
971 1618 1076 1657 videt
1106 1620 1196 1670 igne
1228 1619 1417 1658 micantes

243 1677 449 1716 Sideribus
481 1677 628 1716 similes
660 1677 796 1716 oculos
815 1708 827 1729 ,
859 1677 963 1716 videt
995 1677 1127 1716 oscula
1146 1708 1157 1729 ,
1190 1689 1289 1727 quae
1321 1689 1399 1716 non

153 1743 221 1775 500
241 1736 312 1775 Est
342 1736 485 1775 vidisse
517 1737 639 1788 satis;
670 1736 801 1774 laudat
831 1735 1051 1787 digitosque
1083 1747 1300 1786 manusque

239 1794 505 1846 Bracchiaque
537 1800 577 1834 et
608 1794 734 1833 nudos
767 1794 893 1833 media
924 1794 1012 1846 plus
1043 1800 1153 1845 parte
1185 1794 1376 1834 lacertos:

242 1852 361 1904 Siqua
393 1853 515 1893 latent
533 1885 544 1905 ‚
575 1853 736 1892 meliora
770 1858 882 1904 putat
900 1879 914 1892 .-
947 1853 1046 1903 sugit
1077 1854 1184 1891 ocior
1217 1864 1311 1891 aura

239 1911 308 1950 llla
339 1911 443 1964 levi,
474 1924 602 1963 neque
635 1911 682 1950 ad
713 1911 809 1950 haec
841 1912 1060 1950 revocantis
1092 1910 1209 1949 verba
1240 1911 1412 1952 resistit:

241 1967 432 2022 ‘Nympha
452 2002 462 2022 ,
480 1982 623 2022 precor
641 2002 653 2023 ‚
672 1969 792 2009 Penei
810 2001 821 2022 ‚
842 1982 954 2008 mane
976 1969 984 2009 l
1011 1982 1089 2008 non
1109 1971 1297 2020 insequor
1316 1969 1464 2009 hostis:

152 2035 220 2068 505
240 2028 446 2081 Nympha,
478 2027 620 2067 mane!
653 2030 709 2068 sic
741 2040 837 2079 agna
870 2028 1033 2080 lupum,
1066 2030 1122 2067 sic
1154 2040 1268 2067 cerva
1287 2027 1463 2079 leonem,

241 2087 306 2126 Sic
337 2087 504 2138 aquilam
536 2099 664 2139 penna
696 2087 851 2138 fugiunt
882 2087 1100 2138 trepidante
1133 2086 1359 2139 columbae,

239 2144 382 2185 Hostes
415 2158 594 2197 quaeque
621 2158 713 2185 suos
734 2176 742 2184 .
781 2157 889 2183 amor
921 2151 980 2184 est
1000 2145 1095 2184 mihi
1115 2157 1230 2184 causa
1250 2144 1462 2195 sequendi.

239 2203 299 2242 Me
332 2204 550 2244 miserum!
583 2216 631 2243 ne
664 2216 787 2256 prona
819 2203 962 2256 cadas,
994 2204 1202 2255 indIgnave
1235 2203 1335 2242 laedi

240 2261 365 2301 Crura
397 2269 536 2302 notent
567 2268 699 2302 sentes
718 2294 730 2314 ,
761 2269 801 2301 et
832 2263 905 2301 sim
938 2261 1008 2301 tibi
1041 2274 1157 2301 causa
1189 2261 1357 2301 doloris.

154 2327 221 2360 510
239 2320 387 2372 Aspera
407 2352 417 2373 ,
449 2334 525 2372 qua
556 2333 744 2373 properas
764 2352 775 2373 ,
807 2320 891 2359 loca
911 2326 1003 2360 sunt
1023 2351 1031 2360 .
1071 2321 1310 2360 moderatius
1329 2351 1341 2373 ‚
1371 2332 1463 2371 oro,
