1554 2563
607 126 658 162 VI
672 153 681 171 ,
706 130 893 163 335-408
908 153 916 162 .
1058 140 1212 162 mnsras
1352 127 1431 167 117

209 237 322 277 Nunc
353 237 532 290 proferre
564 244 710 290 caput;
741 250 893 277 summo
926 237 1040 276 modo
1072 239 1225 289 gurgite
1259 250 1375 289 nare,

212 297 335 348 Saepe
369 308 488 349 super
520 297 644 348 ripam
677 298 802 348 stagni
834 298 1050 336 consistere
1069 328 1081 349 ,
1113 309 1227 348 saepe

212 355 253 395 ln
285 355 433 406 gelidos
464 355 617 395 resilire
644 356 779 395 lacus.
817 356 885 395 sed
918 367 1023 395 nunc
1056 367 1213 406 quoque
1245 361 1381 407 turpes

122 422 190 454 375
212 414 363 453 Litibus
395 420 581 453 exercent
611 414 763 466 linguas
782 446 794 467 ‚
824 414 1017 467 pulsoque
1049 414 1224 467 pudore,

211 473 394 519 Quamvis
415 474 493 513 sint
512 473 584 512 sub
606 485 704 525 aqua
717 505 727 525 ‚
754 473 827 512 sub
847 485 947 525 aqua
966 473 1200 512 maledicere
1221 478 1432 524 temptant.

210 531 291 571 Vox
312 544 469 584 quoque
489 533 563 571 iam
586 544 702 571 rauca
723 538 806 585 est,
831 533 1042 584 inflataque
1069 531 1164 572 colla
1186 538 1436 582 tumescunt,

211 591 376 643 Ipsaque
409 591 568 630 dilatant
601 591 753 643 patulos
786 593 962 631 convicia
994 593 1141 631 rictus.

210 649 337 701 Terga
369 657 486 702 caput
517 656 711 703 tangunt,
743 650 840 689 colla
871 652 1092 703 intercepta
1123 650 1330 697 videntur3

122 717 190 748 380
212 708 331 760 Spina
362 710 491 761 viret3
522 716 660 749 venter
678 741 690 762 ⁷
720 722 811 761 pars
843 711 1009 748 maxima
1036 710 1213 761 corporis
1232 741 1243 761 ‚
1275 708 1400 748 albet:

212 767 447 818 Limosoque
479 780 601 807 novae
633 768 777 807 saliunt
808 770 848 807 in
881 770 1036 820 gurgite
1068 780 1185 807 ranae
1200 765 1241 807 .’'

271 826 336 866 Sic
366 826 435 866 ubi
466 828 599 866 nescio
632 829 719 878 quis
751 827 865 879 Lycia
898 827 946 866 de
978 833 1094 879 gente
1127 829 1301 866 virorum

213 885 378 925 Rettulit
408 887 571 925 exitium
590 918 600 938 ‚
633 888 752 937 satyri
784 888 1054 925 reminiscitur
1086 885 1208 937 alter,

212 944 338 990 Quem
368 943 591 984 Tritoniaca
623 944 768 984 Latous
798 945 1018 984 harundine
1050 946 1196 983 victum

124 1012 190 1042 335
212 1004 352 1043 Affecit
381 1015 535 1055 poena.
575 1001 683 1055 ‘quid
716 1016 777 1043 me
810 1004 904 1043 mihi
936 1004 1109 1043 detrahis
1129 1000 1166 1042 P’
1198 1005 1349 1055 inquit:

213 1059 288 1101 ‘At
320 1063 456 1115 piget,
488 1062 537 1101 a!
570 1075 648 1101 non
682 1060 756 1101 est'
789 1062 979 1102 clamabat
1011 1059 1121 1101 ‘tibia
1152 1064 1251 1102 tanti
1265 1059 1290 1101 !’

212 1121 401 1160 Clamanti
433 1122 534 1160 cutis
566 1127 627 1163 est
658 1133 832 1160 summos
864 1121 1016 1173 direpta
1047 1133 1119 1173 per
1151 1126 1283 1174 artus,

212 1179 293 1219 Nec
313 1181 522 1231 quicquam
542 1181 618 1219 nisi
639 1180 779 1219 vulnus
800 1187 884 1219 erat
905 1211 912 1218 .
945 1192 1064 1219 cruor
1090 1179 1264 1231 undique
1287 1186 1437 1232 manat,

212 1238 442 1289 Detectique
473 1245 608 1291 patent
639 1240 780 1291 nervi,
811 1239 1065 1291 trepidaeque
1098 1240 1182 1278 sine
1213 1239 1290 1278 ulla

124 1305 191 1337 390
211 1297 316 1337 Pelle
349 1299 495 1337 micant
524 1310 675 1350 venae3
705 1297 880 1338 salientia
912 1299 1062 1337 viscera
1092 1295 1227 1351 possisg

211 1356 262 1395 Et
291 1355 542 1408 perlucentes
574 1368 782 1397 numerare
814 1359 854 1396 in
886 1362 1048 1409 pectore
1080 1356 1220 1396 fibras.

212 1415 323 1454 Illum
357 1415 549 1454 ruricolae
569 1447 580 1467 ,
612 1416 796 1455 silvarum
829 1417 989 1455 numina
1008 1448 1019 1467 ,
1051 1415 1174 1454 Fauni

212 1473 263 1513 Et
293 1476 411 1524 satyri
444 1475 585 1513 fratres
619 1480 658 1513 et
688 1480 784 1514 tunc
816 1486 973 1526 quoque
1006 1486 1121 1513 carus
1153 1473 1340 1525 Olympus

214 1532 264 1571 Et
294 1532 487 1584 nymphae
519 1532 665 1572 flerunt
683 1564 694 1585 ,
725 1538 765 1572 et
796 1534 975 1584 quisquis
1007 1531 1207 1572 montibus
1238 1532 1314 1571 illis

126 1599 193 1631 395
215 1591 507 1642 Lanigerosque
539 1603 678 1643 greges
711 1597 965 1642 armentaque
997 1591 1144 1631 bucera
1175 1592 1303 1643 pavit.

214 1650 371 1689 Fertilis
401 1649 623 1702 inmaduit,
655 1650 948 1702 madefactaque
980 1656 1087 1689 terra
1119 1649 1286 1689 caducas

213 1709 403 1760 Concepit
433 1709 614 1748 lacrimas
646 1721 690 1748 ac
722 1710 830 1748 venis
861 1708 1035 1760 perbibit
1065 1710 1176 1748 imis:
1311 1717 1339 1743 ί.
1360 1717 1437 1743 ¹011>

215 1767 320 1814 Quas
352 1766 420 1806 ubi
451 1768 546 1807 fecit
576 1780 715 1819 aquam
735 1800 746 1820 ‚
776 1779 917 1807 vacuas
949 1768 1080 1807 emisit
1110 1769 1150 1806 in
1183 1779 1321 1806 auras.

213 1825 308 1865 Inde
339 1810 479 1878 petens
511 1826 690 1878 rapidum
723 1828 819 1878 ripis
852 1825 1067 1865 declivibus
1099 1838 1247 1877 aequor

126 1893 194 1925 400
215 1885 365 1936 Marsya
396 1897 538 1924 nomen
571 1884 688 1924 habet
705 1917 717 1938 ‚
748 1885 939 1936 Phrygiae
970 1883 1255 1936 liquidissimus
1294 1885 1439 1924 amnis.

271 1942 432 1983 Talibus
463 1944 658 1996 extemplo
692 1943 794 1983 redit
825 1944 870 1983 ad
902 1945 1125 1995 praesentia
1156 1943 1271 1982 dictis

214 2001 362 2053 Vulgus
380 2034 392 2055 ‚
423 2008 464 2042 et
495 2004 711 2042 extinctum
744 2014 834 2041 cum
867 2004 990 2054 stirpe
1022 2001 1239 2053 Amphiona
1270 2001 1400 2053 luget.

214 2060 338 2100 Mater
368 2062 409 2100 in
441 2061 584 2101 invidia
616 2067 704 2100 est.
742 2061 842 2100 hanc
868 2066 963 2100 tunc
990 2072 1147 2112 quoque
1174 2060 1319 2099 dicitur
1340 2073 1442 2100 unus

214 2119 347 2159 Flesse
377 2119 549 2172 Pelops,
580 2131 797 2171 umeroque
817 2151 828 2172 ,
860 2131 950 2158 suas
982 2131 1003 2158 a
1041 2125 1204 2171 pectore
1234 2125 1441 2171 postquam

127 2184 194 2217 405
215 2177 374 2217 Diduxit
404 2184 533 2218 vestes
552 2210 564 2230 ‚
595 2178 695 2218 ebur
728 2177 948 2217 ostendisse
980 2179 1163 2217 sinistro.

216 2236 408 2276 Concolor
438 2236 503 2276 hic
535 2248 697 2276 umerus
729 2236 916 2276 nascendi
947 2242 1125 2288 tempore
1157 2236 1295 2276 dextro

215 2294 518 2347 Corporeusque
551 2296 653 2335 suit.
691 2295 872 2334 manibus
902 2306 991 2334 mox
1025 2307 1137 2334 caesa
1167 2296 1342 2347 paternis

213 2352 388 2393 Membra
408 2354 542 2394 serunt
561 2355 735 2394 iunxisse
757 2353 874 2393 deos.
901 2353 1065 2406 aliisque
1085 2355 1278 2406 repertis,
1314 2361 1340 2387 t·
1355 2361 1442 2388 ›coiss-
