1554 2563
625 117 698 157 IX.
725 121 884 152 68—141
902 145 909 152 .
1075 128 1199 152 sessos
1358 113 1440 155 177

134 234 197 266 105
219 226 385 266 Uberior
417 226 530 266 solito
550 258 561 279 ,
592 226 735 266 nimbis
767 227 999 266 hiemalibus
1032 232 1194 278 auctus,

221 284 518 336 verticibusque
551 287 738 336 frequens
770 292 854 324 erat
885 292 1000 336 atque
1032 286 1232 336 inpervius
1264 284 1410 322 amnis.

220 344 461 395 Intrepidum
492 356 564 395 pro
597 356 638 383 se
658 376 668 394 ,
700 356 834 383 curam
867 344 914 382 de
946 345 1112 395 coniuge
1145 349 1323 394 agentem

219 402 367 441 Nessus
400 403 508 454 adit,
540 402 806 453 membrisque
839 403 969 442 valens
997 404 1198 453 scitusque
1231 400 1440 452 vadorum,

220 458 389 499 ‘Officio'
423 473 497 512 que
531 458 632 500 ‘meo
665 463 747 513 ripa
779 463 941 500 sistetur
972 463 1011 500 in
1044 460 1106 499 illa

132 528 199 559 110
219 519 324 558 Haec
341 516 366 570 ‚’
400 521 452 558 ait
485 517 631 558 ‘Alcide
652 551 660 559 .
699 526 740 559 tu
773 519 922 559 viribus
955 527 1065 558 utere
1098 519 1226 558 nando
1241 515 1265 558 τ’

219 577 511 629 Pallentemque
544 585 681 630 metu,
713 579 952 629 fluviumque
991 580 1198 630 ipsumque
1239 579 1441 616 timentem

219 636 397 675 Tradidit
427 637 575 676 Aonius
607 637 783 689 pavidam
817 637 1049 689 Calydonida
1081 636 1229 675 Nesso.

219 695 331 748 Mox,
362 701 406 734 ut
431 701 543 747 erat,
575 696 837 748 pharetraque
858 698 984 748 gravis
1013 696 1216 747 spolioque
1241 694 1366 733 leonis
1387 715 1440 721 -—

219 754 316 792 Nam
349 754 492 793 clavam
526 761 564 793 et
596 767 736 794 curvos
769 762 877 794 trans
908 756 1033 806 ripam
1059 756 1220 793 miserat
1251 764 1366 792 arcus
1389 773 1438 780 —

133 820 199 852 115
221 810 560 864 ‘Quandoquidem
594 815 734 865 coepi,
766 820 1004 865 superentur
1034 809 1209 852 ssumina'
1241 811 1361 864 dixit,

220 871 300 910 Nec
333 871 513 924 dubitat,
545 885 647 924 nec,
680 885 754 923 qua
788 875 838 911 sit
870 873 1199 911 clementissimus
1232 871 1379 922 amnis,

221 930 412 982 Quaerit,
445 937 484 969 et
514 930 703 982 obsequio
736 931 882 970 deferri
914 932 1065 982 spernit
1096 942 1308 981 aquarum.

220 989 378 1040 lamque
410 996 550 1028 tenens
581 992 735 1043 ripam,
766 992 907 1029 missos
939 1001 1028 1028 cum
1061 989 1216 1028 tolleret
1247 1000 1386 1040 arcus,

222 1047 407 1098 Coniugis
440 1050 596 1099 agnovit
627 1061 789 1088 vocem:
821 1048 1024 1099 Nessoque
1057 1049 1209 1099 paranti

134 1115 200 1145 120
222 1106 369 1145 Fallere
402 1106 622 1158 depositum
657 1105 749 1158 ‘quo
775 1114 813 1146 te
846 1104 1001 1146 fiducia'
1036 1107 1174 1145 clamat

222 1162 340 1203 ‘Vana
366 1165 510 1216 pedum
529 1197 540 1218 ‚
567 1166 733 1205 violente
753 1198 764 1219 ,
795 1163 936 1217 rapit?
968 1165 1038 1204 tibi
1057 1197 1067 1218 ‚
1099 1165 1222 1204 Nesse
1242 1164 1445 1216 biformis,

223 1223 425 1263 Dicimus.
464 1225 633 1276 exaudi,
665 1237 738 1264 nec
770 1237 833 1263 res
866 1225 1057 1275 intercipe
1090 1231 1266 1263 nostras.

223 1282 263 1321 Si
295 1288 333 1320 te
367 1282 468 1321 nulla
502 1285 578 1322 mei
611 1285 828 1322 reverentia
861 1285 981 1322 movit
998 1314 1009 1335 ‚
1041 1289 1079 1322 at
1110 1283 1227 1321 orbes

222 1340 464 1380 Concubitus
496 1344 636 1381 vetitos
668 1348 851 1394 poterant
881 1341 1060 1380 inhibere
1091 1343 1267 1393 paterni.

136 1407 200 1438 125
222 1399 332 1438 Haud
368 1407 494 1439 tamen
528 1402 720 1453 effugies,
753 1402 928 1452 quamvis
961 1412 1034 1451 ope
1066 1400 1153 1439 fidis
1186 1401 1351 1451 equina.

222 1457 390 1497 Vulnere
410 1490 420 1510 ,
452 1471 530 1497 non
562 1459 727 1510 pedibus
759 1465 797 1498 te
831 1471 1050 1509 consequar
1070 1456 1094 1497 .'
1126 1458 1262 1497 ultima
1293 1458 1398 1498 dicta

223 1516 277 1555 Re
311 1516 480 1569 probat,
512 1524 551 1556 et
582 1520 699 1556 missa
731 1518 919 1568 fugientia
952 1523 1061 1568 terga
1093 1519 1233 1568 sagitta

222 1575 369 1614 Traicit
390 1606 398 1614 .
437 1575 593 1614 extabat
624 1577 773 1614 serrum
806 1576 853 1614 de
885 1581 1045 1627 pectore
1079 1576 1298 1615 aduncum.

224 1633 336 1678 Quod
352 1634 466 1673 simul
481 1635 658 1674 evulsum
680 1641 759 1687 est,
780 1636 938 1685 sanguis
958 1646 1029 1686 per
1043 1641 1255 1686 utrumque
1270 1635 1446 1674 foramen

137 1700 203 1732 130
223 1692 423 1745 Emicuit,
454 1695 598 1732 mixtus
630 1693 794 1732 Lernaei
825 1693 914 1732 tabe
946 1694 1109 1732 veneni.

223 1750 379 1802 Excipit
411 1752 515 1791 hunc
547 1752 718 1791 Nessus:
752 1749 895 1802 ‘neque
929 1754 1031 1791 enim
1070 1753 1286 1791 moriemur
1316 1749 1445 1792 inulti'

224 1809 366 1849 Secum
399 1811 480 1862 ait,
513 1817 552 1850 et
583 1811 706 1849 calido
738 1810 926 1849 velamina
957 1811 1078 1849 tincta
1110 1823 1253 1850 cruore

223 1868 295 1907 Dat
326 1881 469 1908 munus
501 1876 634 1921 raptae
667 1869 771 1908 velut
802 1870 1005 1908 irritamen
1038 1871 1204 1909 amoris.

281 1926 414 1979 Longa
446 1928 520 1967 fuit
552 1927 668 1967 medii
701 1939 809 1966 mora
842 1928 1059 1978 temporis:
1098 1934 1260 1978 actaque
1294 1930 1420 1979 magni

137 1993 203 2025 135
224 1985 405 2025 Herculis
437 1987 646 2038 implerant
676 1992 802 2026 terras
836 1985 1046 2037 odiumque
1079 1998 1293 2025 novercae.

223 2044 355 2084 Victor
387 2044 433 2084 ab
466 2045 647 2084 Oechalia
681 2044 831 2084 Cenaeo
864 2056 974 2083 sacra
1005 2044 1166 2096 parabat

223 2102 318 2142 Vota
350 2103 458 2157 Iovi,
491 2116 580 2143 cum
613 2105 713 2143 sama
744 2104 885 2155 loquax
918 2105 1131 2154 praecessit
1165 2103 1210 2142 ad
1244 2115 1383 2156 aures,

223 2161 403 2201 Deianira
422 2194 433 2215 ,
464 2169 579 2216 tuas,
612 2175 710 2214 quae
743 2164 846 2201 veris
878 2161 1020 2201 addere
1053 2162 1147 2200 falsa

224 2220 403 2274 Gaudet,
435 2228 475 2260 et
506 2234 527 2260 e
559 2223 720 2260 minimo
753 2233 822 2260 sua
853 2232 926 2272 per
956 2220 1158 2259 mendacia
1191 2222 1358 2273 crescit,

136 2286 203 2319 140
222 2279 595 2331 Amphitryoniaden
626 2280 727 2319 Ioles
759 2279 898 2318 ardore
930 2281 1081 2319 teneri.

223 2337 357 2377 Credit
388 2350 548 2390 amans,
580 2340 813 2389 venerisque
846 2349 966 2376 novae
998 2340 1210 2390 perterrita
1241 2339 1339 2378 sama

175 2409 291 2437 orn).
311 2411 363 2436 11.
1120 2408 1163 2440 12
