1554 2563
96 96 150 135 36
346 106 455 129 Aaou
648 91 864 128 METAMM
879 118 887 128 .

125 212 191 245 505
211 204 347 243 Arcuit
377 204 624 255 omnipotens
642 234 654 255 ,
684 203 911 254 pariterque
941 202 1127 253 ipsosque
1159 202 1347 252 nefasque

213 262 409 316 Sustulit,
441 268 481 301 et
511 260 631 301 celeri
660 266 793 312 raptos
823 272 896 312 per
926 261 1056 299 inania
1085 265 1202 299 vento
1316 268 1344 293 s.
1364 267 1431 294 xvi.

211 320 392 373 Inposuit
416 319 523 359 caelo
554 321 758 370 vicinaque
790 319 919 358 sidera
950 319 1065 358 fecit.

271 379 463 419 Intumuit
493 378 589 418 Iuno
607 410 620 431 ‚
649 383 856 430 postquam
888 379 992 416 inter
1025 377 1153 416 sidera
1183 376 1319 429 paelex

211 437 337 478 Fulsit
353 469 365 490 ‚
397 445 437 477 et
466 437 514 477 ad
545 449 680 476 canam
712 436 914 476 descendit
943 437 985 475 in
1016 447 1186 486 aequora
1216 435 1369 487 Tethyn

126 505 193 536 510
214 496 492 547 Oceanumque
525 508 659 535 senem
677 527 689 548 ‚
721 507 889 546 quorum
920 495 1141 534 reverentia
1171 496 1292 533 movit

213 555 338 607 Saepe
370 555 464 594 deos
482 586 493 607 ‚
525 566 759 605 causamque
790 555 873 593 viae
906 552 1138 593 scitantibus
1170 553 1278 592 infit:

216 612 431 660 ‘Quaeritis
450 645 461 665 ‚
493 614 679 652 aetheriis
712 624 832 664 quare
863 613 999 663 regina
1030 612 1196 651 deorum

215 672 382 712 Sedibus
413 672 490 712 huc
523 669 685 710 adsim?
716 683 788 723 pro
820 683 882 710 me
913 676 1023 710 tenet
1053 670 1174 709 altera
1205 669 1378 709 caelum.

213 731 379 770 Mentiar
397 762 408 783 ‚
440 730 653 770 obscurum
684 731 761 769 nisi
791 741 868 768 nox
899 741 989 768 cum
1021 729 1159 768 fecerit
1190 728 1350 781 orbem,

126 799 192 830 515
213 790 348 842 Nuper
378 789 588 829 honoratas
620 800 771 828 summo
790 819 803 840 ‚
833 800 919 827 mea
950 787 1111 827 vulnera
1129 819 1140 839 ,
1172 787 1277 826 caelo

213 848 397 888 Videritis
428 847 559 887 stellas
590 847 669 886 illic
686 878 698 900 ‚
729 846 797 886 ubi
829 846 1001 886 circulus
1032 858 1144 885 axem

214 906 382 947 Ultimus
415 912 635 947 extremum
667 906 871 957 spatioque
902 905 1158 944 brevissimus
1190 903 1331 944 ambit.

214 966 286 1005 Est
316 977 408 1005 vero
427 997 438 1018 ‚
470 977 542 1004 cur
574 966 661 1016 quis
693 963 884 1004 Iunonem
914 963 1069 1003 laedere
1100 962 1199 1002 nolit

215 1024 492 1075 offensamque
523 1029 666 1062 tremat
684 1021 706 1062 *Ρ
738 1035 836 1074 quae
868 1034 1030 1074 prosum
1062 1022 1142 1061 sola
1174 1019 1386 1062 nocendo?

126 1091 195 1124 520
215 1083 246 1123 Ο
265 1115 277 1135 ,
310 1095 381 1134 ego
401 1088 591 1133 quantum
617 1083 679 1132 egi
698 1080 706 1120 Ξ
740 1093 857 1132 quam
876 1086 983 1120 vasta
1002 1082 1176 1132 potentia
1202 1086 1336 1120 nostra
1356 1079 1438 1120 est!

214 1141 311 1181 Esse
343 1142 541 1180 hominem
572 1142 707 1192 vetui,
739 1140 839 1179 facta
871 1146 932 1179 est
963 1139 1034 1178 dea
1053 1170 1062 1178 .
1101 1141 1157 1178 sic
1189 1151 1260 1191 ego
1292 1151 1438 1191 poenas

216 1199 404 1239 Sontihus
435 1201 580 1250 inpono
599 1231 610 1251 ‚
642 1200 698 1238 sic
730 1205 790 1238 est
821 1210 907 1238 mea
937 1210 1076 1249 magna
1106 1203 1303 1249 potestas.

214 1258 395 1298 Vindicet
425 1260 625 1309 antiquam
655 1257 795 1296 faciem
826 1257 1035 1308 vultusque
1067 1257 1215 1295 ferinos

215 1317 430 1369 Detrahat,
460 1316 638 1367 Argolica
669 1315 774 1366 quod
804 1317 845 1354 in
877 1322 966 1354 ante
991 1315 1215 1354 Phoronide
1247 1315 1362 1355 fecit!

129 1384 196 1416 525
218 1375 297 1415 Cur
329 1387 408 1415 non
440 1382 479 1414 et
509 1375 622 1426 pulsa
655 1374 772 1413 ducat
802 1374 951 1413 Iunone
970 1405 982 1426 ‚
1012 1385 1180 1425 meoque

216 1434 390 1474 Collocet
419 1435 460 1473 in
491 1432 659 1472 thalamo
678 1464 690 1485 ‚
721 1444 982 1484 socerumque
1014 1431 1194 1484 Lycaona
1226 1430 1388 1472 sumat?

215 1495 265 1533 At
295 1505 363 1531 vos
395 1493 429 1531 si
458 1492 585 1531 laesae
617 1496 865 1543 contemptus
898 1492 1021 1542 tangit
1051 1490 1252 1543 alumnae,

217 1552 380 1603 Gurgite
413 1550 593 1590 caeruleo
627 1549 787 1601 Septem
817 1549 1024 1602 prohibete
1055 1551 1229 1603 triones,

218 1610 434 1661 Sideraque
465 1611 505 1648 in
538 1608 644 1648 caelo
676 1610 803 1660 stupri
834 1608 1015 1647 mercede
1046 1615 1205 1660 recepta

125 1678 192 1709 530
211 1669 350 1708 Pellite
369 1700 380 1720 ,
410 1680 460 1707 ne
491 1680 591 1719 puro
624 1669 826 1718 tinguatur
856 1668 897 1706 in
929 1678 1099 1718 aequore
1130 1666 1265 1718 paelex
1279 1664 1304 1707 .’

275 1727 322 1766 Di
353 1728 471 1766 maris
504 1726 749 1765 adnuerant.
787 1725 907 1764 habili
939 1725 1121 1764 Saturnia
1153 1737 1275 1765 curru

217 1785 441 1837 Ingreditur
466 1784 657 1835 liquidum
688 1783 904 1836 pavonibus
936 1783 1095 1822 aethera
1125 1785 1264 1835 pictis:

217 1843 313 1883 Tam
345 1855 471 1895 nuper
501 1844 616 1894 pictis
649 1854 761 1882 caeso
793 1841 1009 1893 pavonibus
1040 1842 1170 1894 Argo,

219 1903 344 1948 Quam
381 1908 424 1941 tu
456 1914 582 1953 nuper
614 1913 724 1952 eras,
755 1913 845 1939 cum
877 1900 1065 1940 candidus
1097 1907 1186 1940 ante
1217 1901 1379 1954 fuisses,

127 1969 197 2003 535
219 1961 343 2000 Corve
374 1961 515 2011 loquax
533 1991 545 2012 ,
576 1959 706 1999 subito
738 1960 938 2010 nigrantes
968 1971 1106 1998 versus
1137 1960 1179 1998 in
1211 1959 1311 1999 alas.

217 2019 315 2059 Nam
346 2019 420 2059 fuit
449 2019 546 2058 haec
578 2017 773 2070 quondam
804 2019 926 2057 niveis
958 2023 1142 2069 argentea
1171 2020 1312 2069 pennis

218 2078 308 2117 Ales
326 2109 338 2131 ‚
368 2083 413 2117 ut
444 2082 630 2128 aequaret
661 2081 762 2115 totas
793 2077 878 2116 sine
909 2074 996 2116 labe
1028 2075 1254 2129 columbas,

218 2136 300 2175 Nec
331 2137 544 2175 servaturis
576 2135 681 2186 vigili
713 2134 899 2186 Capitolia
930 2147 1024 2173 voce

219 2194 387 2233 Cederet
417 2194 623 2233 anserIbus
654 2205 727 2232 nec
759 2194 903 2232 amanti
933 2192 1093 2233 flumina
1125 2205 1269 2245 cycno.

135 2263 199 2292 520
219 2252 370 2303 Lingua
401 2253 475 2292 fuit
507 2253 676 2292 damno.
713 2251 845 2303 lingua
870 2252 1038 2291 faciente
1070 2251 1225 2303 loquaci

221 2311 297 2357 Qui
329 2310 435 2350 color
467 2310 577 2350 albus
610 2316 722 2362 erat,
753 2322 858 2350 nunc
890 2315 950 2350 est
982 2312 1203 2351 contrarius
1236 2309 1322 2350 albo
