1554 2563
136 113 162 148 X

135 232 213 262 GIA
247 225 330 263 sine
361 224 474 262 libris
507 224 659 273 scripsi,
691 224 758 274 qui
788 224 929 270 Falsa,
967 226 1103 273 aperte
1134 223 1375 262 mendosum.

137 283 316 322 Aliorum
341 283 598 332 coniecturas,
631 282 706 321 etsi
736 282 864 321 factae
898 285 1000 332 sunt,
1032 282 1161 320 nullas
1193 281 1334 330 recepi.
1372 281 1472 319 redii

134 342 196 380 hic
233 354 387 391 quoque
424 341 542 390 paulo
582 352 700 390 quam
737 341 831 380 olim
867 341 1060 380 attentius
1099 340 1150 379 ad
1182 340 1400 389 scripturas
1430 339 1471 377 M

134 402 173 438 et
198 400 231 437 B
264 395 403 452 (habet
433 400 496 437 hic
527 412 564 439 v.
588 401 636 437 11
670 401 833 449 uidetur,
868 402 919 438 19
954 400 1106 447 adclyui
1136 398 1338 447 adscripto
1371 399 1472 437 l'ad-

133 454 267 510 cliuo),
312 458 505 496 debebam
543 458 664 496 etiam
699 458 740 496 in
777 469 935 507 cyynus,
972 458 1033 495 uti
1063 457 1096 495 B
1127 457 1168 494 in
1203 457 1330 495 indice
1367 456 1472 506 libri,

134 528 246 555 ,[Ιιι.
278 528 421 565 cyquus
444 518 487 554 in
511 528 623 555 auem
654 528 807 564 cyyuus,
838 517 879 554 M
904 518 1108 565 perpetuo,
1140 517 1222 554 367
1258 517 1340 554 377
1376 516 1473 564 539,

133 575 238 624 quod
268 577 353 614 toto
382 575 485 613 libro
511 583 579 613 XII
611 575 781 625 exhibui,
813 575 1004 624 quamvis,
1037 576 1081 612 ut
1104 574 1263 622 Proque,
1296 573 1473 612 discedat

133 646 157 672 a
193 634 324 672 codice
360 634 610 683 Vergilian03
656 636 837 683 poteram
873 633 915 671 in
950 633 1041 671 Non
1080 634 1133 670 14
1177 644 1266 670 cum
1302 632 1353 682 B,
1396 632 1473 670 nisi

133 693 235 731 forte
272 692 330 741 M,
369 693 472 742 quod
510 692 647 730 videor
683 695 861 741 notasse,
899 704 1079 730 rasuram
1115 691 1256 740 habet3
1292 693 1473 740 poteram

133 751 254 789 etiam
287 752 370 788 527
405 751 502 789 529.
552 752 710 789 secutus
749 763 837 789 sum
873 750 935 788 bis
974 750 1325 799 grammaticorum
1361 749 1473 788 testi-

132 809 275 858 monia,
307 809 339 846 L
365 810 406 847 in
430 809 527 847 locis
553 809 828 858 undetriginta
853 809 937 847 eius
963 809 1079 857 plane
1105 808 1224 857 modi,
1257 821 1346 858 quo,
1372 819 1473 857 quae

132 868 306 918 genuina
342 868 376 906 is
414 868 515 905 liber
548 868 784 917 servaverit,
817 868 913 905 satis
945 867 1110 905 iudicari
1142 867 1295 916 potest3
1328 866 1471 904 dubius

132 939 241 967 eram
275 928 355 964 132
390 928 432 965 et
463 927 559 965 819.
613 926 663 963 ad
694 926 846 964 codices
877 926 1100 974 incognitos
1132 925 1294 975 confugi
1323 925 1472 963 viciens

133 986 386 1034 quinquiens,
419 985 488 1023 sed
519 985 590 1022 aut
620 984 661 1021 in
692 984 807 1033 parvi
837 984 1026 1022 momenti
1058 984 1370 1034 discriminibus,
1403 985 1473 1021 aut

132 1043 201 1082 ubi
233 1044 403 1081 scribam
433 1044 475 1080 M
507 1043 720 1092 deliquisse
756 1055 865 1081 more
903 1055 974 1081 suo
1006 1043 1179 1092 pateret,
1218 1042 1472 1092 glossematis

133 1103 303 1150 receptis
337 1103 420 1140 284
455 1103 538 1140 376
574 1103 670 1150 723,
703 1101 868 1151 syllabis
900 1101 1136 1150 permutatis
1163 1101 1261 1150 485,
1293 1102 1339 1138 ut
1368 1101 1473 1138 infra

134 1161 181 1198 ad
215 1169 280 1198 Vll
305 1163 384 1198 162
420 1160 625 1210 adnotavi,
664 1160 957 1198 halucinantem
988 1160 1157 1197 aliorum
1186 1159 1364 1198 locorum
1393 1172 1472 1198 me-

134 1220 258 1257 moria
291 1221 393 1269 792,
425 1220 495 1256 aut
525 1219 594 1256 ubi
626 1219 825 1267 scriptura
854 1219 895 1255 M
926 1218 967 1255 in
998 1230 1139 1256 rasura
1170 1219 1341 1267 extaret,
1386 1219 1468 1256 688

132 1279 258 1316 victua
290 1281 366 1316 tota
407 1279 490 1315 788
522 1278 755 1315 successibus
785 1280 895 1324 atque
931 1277 1012 1315 821
1047 1277 1220 1323 flectitur.
1269 1289 1316 1314 ex
1346 1276 1379 1313 E
1405 1289 1471 1325 po-

133 1337 266 1374 terant
289 1336 473 1374 fortassis
503 1336 674 1384 admitti,
706 1347 806 1384 quae
833 1335 926 1373 olim
952 1335 1053 1384 dedi,
1088 1336 1168 1373 701
1203 1346 1272 1373 suo
1291 1336 1472 1382 pretium,

133 1394 328 1443 Aytauros
358 1394 504 1433 Peneos
537 1395 618 1432 739
655 1395 737 1432 749
772 1395 875 1443 2433
908 1393 1030 1431 ascivi
1062 1394 1301 1432 Maeandros
1333 1394 1429 1431 246.

251 1507 356 1549 LIB.
385 1507 450 1549 III
481 1525 517 1550 v.
546 1508 626 1549 151
662 1518 872 1549 PHOEBUS
905 1518 1124 1556 UTRAQUE
1151 1511 1326 1549 Dis'rAT
1353 1519 1471 1548 IDEM

134 1578 297 1608 CRETA.
346 1571 446 1608 idem
486 1573 590 1608 terra
625 1569 735 1619 libri,
779 1570 1007 1618 suspectum
1046 1570 1124 1607 iam
1161 1569 1361 1619 Bentleio,
1405 1569 1473 1618 qui

132 1633 231 1667 meta
269 1641 315 1667 ex
350 1629 431 1667 145
470 1629 660 1666 iteratum
697 1627 868 1666 volebat.
917 1628 1002 1666 loco
1035 1636 1083 1665 IV
1105 1629 1188 1665 214
1219 1628 1319 1665 nihil
1355 1628 1472 1675 inest,

134 1688 237 1736 quod
267 1695 302 1725 11
325 1688 377 1725 68
410 1695 459 1725 XI
486 1688 569 1725 258
603 1688 644 1724 et
682 1687 744 1724 tot
775 1686 972 1724 similibus
1005 1686 1150 1735 opponi
1179 1686 1317 1735 possit.
1368 1686 1473 1735 quod

133 1746 234 1795 dedi,
266 1746 316 1783 ad
347 1746 499 1783 romani
536 1745 658 1783 moris
689 1744 802 1782 ludos
835 1745 1028 1783 circenses
1066 1745 1125 1782 ita
1155 1744 1394 1794 referebam,
1425 1745 1472 1782 ut

133 1805 293 1854 cretam,
325 1816 401 1851 qua
432 1806 574 1842 circum
597 1804 889 1851 praeduxerant
918 1803 972 1841 ad
1001 1804 1181 1841 victoriae
1210 1806 1351 1851 notam,
1372 1803 1471 1840 Plin.

133 1863 181 1900 N.
212 1863 250 1900 h.
282 1870 412 1900 XXXV
435 1864 535 1909 199,
578 1862 817 1910 pertinuisse
853 1862 1037 1910 putarem
1072 1862 1177 1899 inter
1215 1873 1390 1900 carceres
1432 1862 1472 1899 et

133 1921 269 1970 spinae
301 1922 456 1970 partem
487 1920 724 1969 inferiorem,
754 1920 796 1957 in
827 1931 904 1968 qua
935 1922 1053 1958 metas
1079 1921 1119 1957 et
1143 1931 1166 1957 a
1192 1919 1331 1958 dextra
1356 1921 1471 1968 parte

132 1982 270 2018 metam
289 1980 466 2018 ultimam
490 1980 610 2027 poeta
628 1978 749 2016 Trist.
771 1986 818 2015 1v
840 1979 864 2015 8
893 1979 947 2016 35
981 1978 1068 2015 Am.
1090 1986 1142 2015 111
1166 1979 1217 2016 15
1247 1979 1270 2016 2
1298 1978 1471 2028 adsigni-

133 2038 285 2086 ficaret3
318 2050 395 2087 quo
421 2038 506 2076 loco
535 2036 754 2086 Olympiae,
786 2034 881 2084 περὶ
912 2034 1042 2084 τέρμα
1074 2033 1245 2084 δρόμου,
1278 2037 1390 2074 Pind.
1411 2036 1471 2075 Ol.

133 2105 186 2134 ΙΙΙ
208 2098 274 2142 33,
307 2097 469 2134 arbores
497 2095 690 2134 Hercules
721 2095 988 2144 plantaverat:
1021 2096 1067 2132 ut
1097 2095 1137 2133 id
1167 2097 1363 2132 metarum
1395 2095 1471 2133 dis-

134 2155 281 2193 crimen
319 2155 368 2191 ad
411 2155 560 2192 cretam
603 2154 843 2192 translatum
880 2153 944 2191 sit.
1007 2153 1125 2191 stadii
1162 2156 1291 2191 metae
1328 2162 1360 2191 X
1386 2154 1470 2192 597

135 2215 217 2251 664
251 2213 402 2250 alienae
435 2214 528 2250 sunt
565 2224 587 2250 a
625 2224 763 2250 cursus
796 2211 897 2250 Solis
929 2212 1236 2260 comparatione.
1385 2208 1470 2250 368

134 2279 327 2309 TANTUM
366 2278 490 2308 HAEC
528 2279 577 2309 IN
618 2279 728 2308 mNE
766 2277 1022 2316 LOQUENDI.
1078 2273 1203 2309 tamen
1239 2271 1330 2308 haec
1366 2270 1472 2308 libri.

132 2330 244 2379 atqui
282 2329 489 2378 explicatio
529 2330 640 2378 sequi
676 2329 851 2378 videtur,
894 2340 973 2367 non
1009 2329 1224 2378 oppositio,
1267 2329 1384 2377 plane
1427 2329 1473 2366 ut
