1554 2563
616 123 667 159 IX
681 151 691 169 ,
719 128 902 159 142—213
917 153 924 159 .
999 137 1087 159 neue
1101 154 1109 160 .
1137 133 1290 160 oeneus
1367 123 1445 165 179

227 233 382 286 Corque
416 234 543 274 ferum
575 235 672 274 satia
691 265 700 274 .
739 233 799 273 vel
830 235 863 273 si
894 234 1140 273 miserandus
1172 239 1212 273 et
1242 234 1367 287 hosti,

225 291 308 331 Hoc
340 299 429 345 est,
462 294 495 332 si
527 292 598 332 tibi
629 304 716 332 sum
735 323 746 345 ,
778 293 874 332 diris
906 293 1145 332 cruciatibus
1177 305 1333 344 aegram

140 358 204 391 180
225 350 471 402 Invisamque
504 353 670 390 animam
703 357 911 402 natamque
943 351 1142 391 laboribus
1175 352 1308 391 auser.

224 409 329 448 Mors
361 409 456 449 mihi
488 421 631 449 munus
664 411 767 449 erit.
806 410 919 449 decet
951 410 1046 449 haec
1078 410 1171 449 dare
1203 410 1304 449 dona

1218 481 1441 508 novercam.

227 526 332 578 Ergo
364 539 436 578 ego
469 527 690 567 foedantem
722 529 930 579 peregrino
964 527 1106 579 templa
1138 539 1280 566 cruore

228 584 387 624 Busirin
420 584 594 625 domui?
625 598 818 637 saevoque
851 587 1033 625 alimenta
1065 588 1240 637 parentis

224 644 373 683 Antaeo
406 642 574 695 eripui?
604 657 678 684 nec
709 657 771 683 me
802 647 971 696 pastoris
1002 644 1138 683 Hiberi

139 709 204 742 185
225 702 365 741 Forma
385 703 525 754 triplex
539 735 550 755 ,
577 715 649 742 nec
670 704 793 742 forma
814 704 954 755 triplex
975 709 1039 742 tua
1052 735 1063 756 ,
1084 702 1254 742 Cerbere
1267 735 1278 756 ,
1298 700 1452 743 movit?

225 760 351 800 Vosne
370 794 382 814 ,
413 773 551 800 manus
569 793 580 814 ,
612 762 725 801 validi
756 764 957 813 pressistis
988 774 1135 801 cornua
1168 759 1304 801 tauri?

225 819 408 859 Vestrum
428 832 526 872 opus
546 819 627 859 Elis
647 820 763 859 habet
774 853 786 873 ‚
806 827 981 860 vestrum
995 820 1280 872 Stymphalides
1302 821 1427 860 undae
1440 852 1452 875 ‚

225 878 558 930 Partheniumque
591 891 729 918 nemus
749 877 770 918 ⁴?
803 886 931 918 vestra
962 881 1107 918 virtute
1139 880 1286 919 relatus

225 937 580 977 Thermodontiaco
613 938 784 977 caelatus
816 938 969 977 balteus
1001 951 1121 990 auro,

140 1004 205 1036 190
226 996 423 1047 Pomaque
456 995 503 1035 ab
536 998 705 1035 insomni
737 998 1010 1036 concustodita
1041 994 1246 1036 dracone?

226 1054 306 1094 Nec
338 1054 433 1094 mihi
467 1054 652 1094 Centauri
683 1062 848 1107 potuere
880 1058 1097 1109 resistere,
1129 1067 1200 1094 nec
1234 1057 1286 1094 mi

226 1114 412 1152 Arcadiae
445 1120 614 1153 vastator
646 1126 739 1165 aper
758 1112 781 1153 ‘?
812 1127 884 1153 nec
915 1115 1064 1166 profuit
1094 1114 1240 1165 hydrae

227 1171 415 1211 Crescere
447 1185 518 1223 per
551 1173 732 1211 damnum
766 1175 1018 1224 geminasque
1050 1184 1253 1211 resumere
1285 1169 1423 1212 vires?

228 1230 329 1276 Quid
348 1262 359 1283 ,
391 1243 480 1270 cum
512 1230 675 1271 Thracis
707 1243 830 1283 equos
861 1232 1031 1271 humano
1065 1233 1254 1282 sanguine
1287 1233 1451 1283 pingues

140 1297 205 1329 195
226 1289 424 1341 Plenaque
456 1290 689 1341 corporibus
720 1290 860 1329 laceris
891 1291 1095 1342 praesepia
1126 1290 1228 1342 vidi,

228 1347 396 1399 Visaque
428 1348 582 1401 deieci,
614 1349 894 1400 dominumque
926 1351 1112 1402 ipsosque
1144 1346 1329 1401 peremi?

226 1406 296 1446 His
328 1406 421 1445 elisa
452 1409 552 1446 iacet
584 1408 706 1446 moles
737 1407 928 1447 Nemeaea
959 1408 1140 1447 lacertis:

227 1464 308 1503 Hac
341 1465 491 1504 caelum
524 1468 676 1505 cervice
709 1466 808 1505 tuli.
847 1467 999 1505 defessa
1030 1466 1201 1505 iubendo
1234 1472 1295 1504 est

229 1523 350 1563 Saeva
380 1523 480 1563 Iovis
513 1526 713 1564 coniunx:
744 1536 816 1576 ego
848 1536 936 1564 sum
968 1524 1188 1563 indefessus
1220 1524 1393 1575 agendo.

143 1590 211 1622 200
234 1581 311 1621 Sed
344 1594 443 1621 nova
473 1584 595 1633 pestis
627 1583 766 1636 adest,
798 1584 862 1622 cui
893 1595 966 1622 nec
998 1585 1141 1621 virtute
1174 1584 1306 1622 resisti

228 1641 309 1680 Nec
341 1641 428 1680 telis
461 1643 658 1692 armisque
691 1648 842 1695 potest.
882 1641 1132 1692 pulmonibus
1166 1646 1272 1680 errat

228 1699 332 1751 Ignis
364 1699 460 1738 edax
492 1701 580 1738 imis
599 1731 610 1752 ,
641 1712 789 1751 perque
822 1712 957 1739 omnes
989 1703 1162 1751 pascitur
1194 1705 1325 1739 artus.

230 1759 280 1797 At
310 1758 410 1797 valet
441 1757 716 1809 Eurystheus!
749 1765 788 1797 et
818 1766 938 1810 sunt,
971 1761 1039 1810 qui
1071 1758 1232 1797 credere
1265 1760 1418 1810 possint

229 1815 327 1856 Esse
353 1816 447 1855 deos
467 1813 502 1856 ’θ’
536 1817 661 1869 dixit,
691 1829 841 1869 perque
873 1817 994 1856 altum
1026 1819 1183 1856 saucius
1215 1816 1339 1856 Oeten

141 1875 340 1914 20511aud
372 1875 485 1914 aliter
516 1876 692 1927 graditur
711 1907 721 1927 ‚
754 1888 870 1926 quam
901 1877 934 1914 si
966 1876 1154 1914 venabula
1187 1882 1323 1915 taurus

229 1934 402 1985 Corpore
435 1935 508 1972 fixa
540 1941 678 1987 gerat,
710 1936 879 1984 factique
912 1935 1103 1985 refugerit
1134 1941 1293 1974 auctor.

231 1992 354 2043 Saepe
387 1992 495 2031 illum
528 1994 696 2043 gemitus
729 1994 938 2045 edentem,
971 2005 1086 2043 saepe
1119 1994 1376 2045 frementem,

231 2051 356 2102 Saepe
388 2057 689 2102 retemptantem
722 2057 823 2090 totas
857 2052 1073 2101 refringere
1107 2057 1235 2089 vestes

232 2108 562 2161 sternentemque
596 2109 725 2149 trabes
758 2111 1073 2159 irascentemque
1108 2109 1260 2148 videres

144 2175 211 2207 210
231 2167 429 2207 Montibus
460 2175 527 2207 aut
558 2170 683 2219 patrio
716 2168 942 2207 tendentem
975 2167 1155 2206 bracchia
1188 2167 1317 2207 caelo.

229 2225 332 2265 Ecce
365 2226 511 2265 Lichan
544 2226 740 2277 trepidum
773 2227 989 2265 latitantem
1022 2239 1119 2277 rupe
1151 2233 1283 2265 cavata

229 2286 407 2337 Aspicit,
438 2291 560 2336 utque
593 2286 704 2324 dolor
736 2285 884 2324 rabiem
916 2285 1125 2336 collegerat
1157 2298 1313 2325 omnem
1323 2316 1336 2339 ‚

232 2340 359 2382 ‘Tune
377 2374 390 2396 ,
421 2342 537 2382 Licha
556 2341 582 2396 ,³
615 2344 712 2382 dixit
744 2342 892 2383 ‘feralia
923 2344 1023 2383 dona
1055 2341 1231 2383 dedisti?

1102 2410 1170 2444 12*
