1554 2563
598 50 684 95 ΧΠ,
710 54 871 85 96—131
887 77 895 85 .
1046 63 1178 86 omnus
1331 50 1413 91 241

195 161 300 199 Misit
329 162 370 200 in
400 159 594 199 Aeaciden
612 191 623 212 ,
655 160 759 211 quod
793 166 831 199 et
862 172 927 199 aes
960 166 998 200 et
1028 162 1204 212 proxima
1235 162 1342 211 rupit

195 219 321 271 Terga
347 231 496 258 novena
517 218 636 257 boum
648 250 659 272 ,
686 218 837 258 decimo
858 225 987 258 tamen
1007 218 1102 258 orbe
1123 225 1317 258 moratum
1338 224 1417 257 est.

196 277 354 317 Excutit
384 277 458 317 hoc
489 277 635 330 heros,
667 290 885 329 rursusque
917 280 1126 317 trementia
1156 279 1248 316 sorti

195 336 287 375 Tela
319 349 435 376 manu
468 337 610 376 torsit:
641 348 781 375 rursus
813 338 896 376 sine
928 337 1089 376 vulnere
1122 348 1266 388 corpus

112 404 176 435 100
197 395 482 446 Sincerumque
515 396 589 433 fuit
608 425 616 433 .
657 393 748 444 [nec
780 396 897 434 tertia
930 397 1061 447 cuspis
1093 401 1272 447 apertum

195 454 246 493 Et
277 466 317 492 se
350 454 605 505 praebentem
635 453 756 492 valuit
786 453 1031 505 destringere
1064 454 1238 506 Cygnum
1259 452 1286 503 .]

196 512 308 551 Haud
340 525 455 551 secus
487 513 661 565 exarsit,
693 524 809 563 quam
841 514 946 551 circo
978 519 1115 552 taurus
1147 518 1306 564 aperto,

198 571 295 610 Cum
326 584 396 610 sua
427 570 594 610 terribili
625 573 724 622 petit
754 573 971 610 irritamina
1003 584 1150 624 cornu,

196 630 409 669 poeniceas
441 636 567 669 vestes
586 661 597 681 ‚
629 629 814 681 elusaque
846 630 1008 669 vulnera
1039 632 1185 669 sensit.

111 697 176 728 105
197 689 298 727 Num
330 694 460 727 tamen
492 687 682 727 exciderit
713 689 862 727 serrum
880 720 892 742 ,
924 689 1174 742 considerat,
1205 688 1361 727 hastae·

198 747 392 786 Haerebat
422 747 555 799 ligno.
596 744 749 786 ‘manus
781 753 841 786 est
872 759 958 786 mea
989 747 1129 786 debilis
1160 759 1277 799 erg0,

198 803 398 857 Quasque'
430 808 483 845 ait
515 803 619 845 ‘ante
650 805 787 844 habuit
817 807 949 858 vires,
982 806 1119 845 effudit
1149 807 1189 844 in
1220 802 1333 844 uno?

197 864 295 903 Nam
326 870 433 903 certe
466 864 597 916 valui,
628 864 689 903 vel
721 877 810 903 cum
841 864 1029 916 Lyrnesia
1058 866 1211 916 primus

198 923 349 963 Moenia
381 923 534 975 deieci,
566 922 626 962 vel
657 935 746 962 cum
779 923 1045 974 Tenedonque
1077 934 1228 974 suoque

113 990 178 1021 110
198 982 406 1021 Eetioneas
438 982 595 1033 implevi
626 983 814 1033 sanguine
846 981 1021 1030 Thebas,

199 1040 267 1079 Vel
298 1053 388 1079 cum
418 1052 644 1092 purpureus
675 1040 855 1091 populari
887 1040 1003 1079 caede
1037 1040 1176 1079 Caicus

199 1099 357 1151 Fluxit,
389 1111 566 1150 opusque
598 1111 706 1137 meae
738 1098 799 1137 bis
831 1100 954 1137 sensit
985 1098 1182 1149 Telephus
1213 1097 1368 1137 hastae.

200 1157 272 1197 Hic
305 1170 460 1209 quoque
492 1163 550 1196 tot
581 1159 733 1210 caesis,
765 1169 934 1208 quorum
964 1169 1037 1208 per
1067 1157 1160 1196 litus
1193 1168 1353 1195 acervos

200 1216 250 1255 Et
281 1217 356 1255 feci
387 1222 427 1255 et
457 1216 569 1255 video
587 1247 599 1268 ,
630 1215 749 1254 valuit
780 1228 865 1254 mea
897 1215 1033 1254 dextra
1064 1215 1243 1267 valetque
1258 1212 1282 1254 .'

115 1282 180 1314 115
202 1275 305 1314 Dixit
335 1280 404 1327 et,
435 1280 524 1314 ante
556 1276 652 1313 actis
684 1273 804 1313 veluti
835 1274 933 1313 male
967 1273 1176 1326 crederet,
1207 1274 1354 1313 hastam

200 1333 305 1372 Misit
334 1335 375 1372 in
407 1333 613 1372 adversum
644 1332 761 1384 Lycia
792 1333 840 1371 de
871 1333 985 1384 plebe
1017 1332 1248 1385 Menoeten,

201 1392 458 1443 Loricamque
491 1391 606 1430 simul
638 1391 892 1442 subiectaque
924 1397 1085 1442 pectora
1116 1393 1248 1442 rupit.

204 1451 289 1496 Quo
320 1451 527 1502 plangente
559 1461 717 1500 gravem
748 1448 982 1488 moribundo
1016 1450 1160 1488 vertice
1192 1455 1336 1488 terram

202 1509 381 1548 Extrahit
411 1508 506 1547 illud
538 1508 641 1547 idem
674 1507 796 1546 calido
829 1507 876 1546 de
908 1507 1069 1546 vulnere
1101 1507 1250 1560 telum,

116 1577 182 1608 120
203 1569 327 1618 Atque
366 1569 419 1606 ait
456 1564 567 1605 ‘haec
605 1578 744 1605 manus
782 1571 871 1618 est,
908 1565 1034 1618 haec,
1072 1578 1148 1617 qua
1184 1566 1299 1605 modo

1070 1626 1233 1663 vicimus
1251 1656 1263 1676 ,
1294 1624 1424 1663 hasta.

204 1685 296 1725 Utar
315 1687 356 1724 in
375 1684 450 1723 hoc
469 1684 623 1735 isdem3
655 1685 705 1723 sit
729 1685 769 1722 in
795 1683 868 1722 hoc
886 1714 898 1736 ,
928 1695 1070 1735 precor
1089 1715 1100 1735 ,
1131 1685 1259 1722 exitus
1285 1683 1387 1721 idem
1402 1680 1425 1721 .'

205 1744 270 1783 Sic
301 1744 405 1782 satur
437 1743 690 1794 Cygnumque
722 1744 848 1794 petit,
880 1754 953 1780 nec
984 1742 1161 1781 fraxinus
1193 1748 1322 1792 errat,

203 1803 326 1853 Inque
359 1814 495 1840 umero
527 1803 659 1840 sonuit
690 1813 768 1838 non
801 1802 940 1839 evitata
972 1801 1157 1852 sinistro;

205 1861 298 1900 Inde
329 1860 435 1899 velut
466 1872 578 1899 muro
611 1859 810 1910 solidaque
843 1870 864 1897 a
895 1864 1008 1897 caute
1039 1859 1196 1910 repulsa
1228 1863 1310 1897 est.

118 1929 184 1959 125
206 1920 290 1965 Qua
322 1925 450 1958 tamen
482 1920 584 1958 ictus
616 1923 727 1970 erat,
760 1919 955 1968 signatum
987 1919 1174 1967 sanguine
1208 1916 1381 1968 Cygnum

204 1978 363 2017 Viderat
392 1983 432 2016 et
462 1978 609 2016 frustra
640 1977 767 2015 suerat
797 1977 952 2026 gavisus
983 1975 1175 2013 Achilles.

205 2036 356 2076 Vulnus
388 2042 472 2075 erat
503 2035 683 2087 nullum3
716 2036 873 2085 sanguis
905 2039 989 2072 erat
1019 2033 1083 2072 ille
1115 2033 1340 2072 Menoetae.

206 2096 307 2134 Tum
339 2107 431 2133 vero
462 2106 651 2146 praeceps
683 2105 803 2131 curru
835 2091 1117 2131 fremebundus
1149 2091 1196 2130 ah
1229 2091 1306 2130 alto

208 2153 372 2205 Desilit,
407 2159 446 2192 et
477 2152 600 2191 nitido
633 2163 817 2190 securum
849 2152 1068 2189 comminus
1099 2150 1253 2188 hostem

122 2221 186 2252 130
207 2212 311 2250 Ense
342 2217 481 2263 petens
512 2222 686 2262 parmam
718 2209 842 2260 gladio
875 2209 1099 2260 galeamque
1132 2210 1260 2247 cavari

208 2270 371 2323 Cernit,
403 2275 441 2309 at
471 2271 511 2308 in
543 2269 642 2308 duro
674 2268 773 2306 laedi
805 2280 961 2319 quoque
994 2279 1159 2319 corpore
1192 2267 1361 2306 serrum.

160 2342 271 2369 ovn).
290 2343 337 2368 11.
1104 2337 1146 2368 16
