1554 2563
575 135 644 172 VII
656 163 666 177 .
694 141 874 172 119—191
896 165 903 172 .
1059 150 1175 172 „anm
1327 137 1406 179 131

188 245 313 286 Herus
342 246 538 287 Aesonius
569 248 748 298 potitur.
793 247 996 299 spolioque
1028 247 1224 299 superbus

188 305 362 345 Muneris
396 311 597 346 auctorem
630 318 794 358 secum,
826 306 947 357 spolia
980 307 1099 345 altera
1119 339 1130 359 ,
1161 311 1323 358 portans

187 363 320 403 Victor
351 363 538 404 Iolciacos
570 366 699 416 tetigit
730 376 820 403 cum
852 366 1017 415 coniuge
1050 371 1210 416 portus.

246 421 481 462 Haemoniae
514 429 658 462 matres
690 435 761 475 pro
794 425 921 474 gnatis
953 423 1054 462 dona
1085 425 1256 475 receptis

104 488 168 521 160
188 480 483 533 Grandaevique
517 482 650 521 ferunt
680 487 812 533 patres
832 513 844 534 ,
876 488 1138 533 congestaque
1172 482 1324 521 flamma

187 540 293 579 Tura
323 540 609 594 liquefaciunt,
641 540 879 591 inductaque
912 541 1098 580 cornibus
1131 552 1271 580 aurum

188 597 352 638 Victima
384 605 474 639 vota
505 599 618 638 litat.
657 599 725 638 sed
757 598 868 639 abest
898 599 1143 651 gratantibus
1175 600 1328 652 Aeson,

191 657 269 696 lam
301 659 462 710 propior
494 658 572 697 leto
604 657 812 709 fessusque
845 658 1034 697 senilibus
1067 660 1200 697 anniS.

191 715 288 755 Cum
319 718 376 755 sic
407 716 652 756 Aesonides:
684 714 722 755 ‘0
755 719 818 755 cui
850 715 994 756 debere
1028 717 1191 756 salutem

104 782 167 813 165
189 774 418 827 Confiteor,
449 777 618 814 coniunx
638 807 649 827 ,
681 787 914 827 quamquam
948 775 1042 814 mihi
1075 783 1215 815 cuncta
1247 774 1413 828 dedisti,

188 832 444 885 Excessitquc
477 834 593 873 fidem
624 835 857 873 meritorum
889 846 1040 873 summa
1072 840 1255 873 tuorum:

191 891 231 931 Si
263 898 391 931 tamen
419 892 492 931 hoc
524 898 720 944 possunt,
759 914 813 920 —
853 893 947 943 quid
985 894 1089 932 enim
1130 905 1207 932 non
1241 893 1413 931 carmina

1131 948 1332 1002 possunt?
1357 972 1413 978 —-

189 1008 308 1048 Deme
340 1012 438 1049 meis
470 1011 581 1049 annis
600 1041 612 1062 ,
644 1017 683 1049 et
715 1010 895 1062 demptos
927 1010 1023 1049 adde
1056 1013 1208 1062 parenti
1224 1007 1248 1049 ‚²

189 1067 270 1107 Nec
300 1070 428 1108 tenuit
459 1068 668 1108 lacrimas.
707 1075 809 1108 mota
841 1074 902 1108 est
932 1071 1079 1120 pietate
1110 1070 1308 1121 rogantis,

103 1134 170 1166 170
190 1126 504 1177 Dissimilemque
535 1129 706 1166 animum
739 1127 860 1166 subiit
890 1128 1009 1167 Aeeta
1040 1127 1224 1166 relictus.

189 1184 270 1224 Nec
304 1193 431 1225 tamen
464 1186 627 1225 affectus
660 1185 756 1224 tales
789 1187 966 1225 confessa
1001 1183 1137 1237 ‘quod'
1169 1186 1299 1237 inquit

195 1241 364 1283 ‘Excidit
384 1256 453 1283 ore
478 1251 546 1283 tuo
565 1276 576 1296 ,
603 1246 773 1284 coniunx
793 1277 803 1296 ,
830 1245 960 1284 scelus
978 1243 1000 1284 ‘?
1026 1257 1119 1296 ergo
1140 1257 1211 1296 ego
1232 1245 1414 1295 cuiquam

190 1303 309 1342 Posse
342 1309 431 1342 tuae
462 1302 598 1342 videor
629 1305 798 1355 spatium
830 1303 1093 1343 transcribere
1125 1300 1262 1343 vitae?

190 1360 270 1400 Nec
303 1363 404 1401 sinat
435 1361 509 1400 hoc
528 1361 674 1401 Hecate
692 1394 703 1414 ,
735 1374 808 1401 nec
839 1368 882 1401 tu
914 1364 1017 1414 petis
1037 1373 1189 1413 aequa.
1228 1361 1295 1400 sed
1316 1363 1414 1414 isto,

107 1426 170 1459 175
192 1419 304 1466 Quod
330 1422 432 1471 petis
451 1451 463 1472 ,
494 1421 675 1471 experiar
706 1422 831 1460 maius
864 1421 957 1459 dare
988 1432 1133 1460 munus
1152 1452 1163 1473 ,
1195 1419 1330 1459 Iason.

192 1480 285 1518 Arte
318 1491 402 1517 mea
435 1481 563 1517 soceri
596 1479 755 1531 longum
786 1479 1063 1530 temptabimus
1095 1491 1257 1531 aevum,

191 1536 276 1575 Non
310 1538 420 1576 annis
452 1549 642 1576 renovare
673 1539 781 1589 tuis3
813 1538 926 1576 modo
961 1538 1046 1577 diva
1077 1538 1268 1577 triformis

191 1595 358 1634 Adiuvet
388 1602 428 1634 et
458 1607 645 1647 praesens
677 1595 903 1647 ingentibus
937 1601 1082 1635 annuat
1114 1597 1219 1635 ausis
1234 1592 1258 1634 .'

191 1653 289 1693 Tres
322 1654 481 1693 aberant
516 1661 681 1706 noctes,
712 1661 756 1694 ut
788 1666 935 1693 cornua
965 1660 1046 1693 tota
1079 1656 1232 1694 coirent

109 1719 171 1753 180
192 1712 485 1765 Efficerentque
518 1713 682 1752 orbem.
721 1720 928 1764 postquam
959 1713 1186 1765 plenissima
1219 1712 1327 1752 fulsit

193 1772 248 1810 Ac
280 1771 400 1811 solida
434 1777 559 1811 terras
591 1773 782 1823 spectavit
813 1773 981 1823 imagine
1012 1771 1128 1825 luna,

191 1829 403 1881 Egreditur
428 1832 542 1870 tectis
573 1836 702 1869 vestes
734 1830 869 1869 induta
900 1832 1118 1882 recinctas‚

192 1887 303 1928 Nuda
335 1889 504 1942 pedem,
535 1888 650 1928 nudis
682 1901 840 1927 umeros
871 1889 1002 1928 infusa
1033 1888 1206 1940 capillis,

192 1946 364 1998 Fertque
395 1959 511 1999 vagos
542 1947 691 1987 mediae
724 1959 794 1999 per
826 1953 931 1986 muta
965 1946 1117 1986 silentia
1150 1947 1275 1985 noctis

108 2013 172 2045 185
194 2005 422 2045 incomitata
453 2005 626 2057 gradus.
665 2006 844 2045 homines
874 2005 1133 2056 volucresque
1166 2006 1348 2056 ferasque

195 2064 371 2103 Solverat
402 2064 475 2104 alta
508 2066 649 2116 quies:
682 2064 787 2104 nullo
820 2076 909 2103 cum
941 2075 1143 2103 murmure
1175 2074 1336 2115 saepes,

193 2122 447 2174 Inmotaeque
479 2122 596 2162 silent
627 2122 816 2174 frondes3
849 2122 937 2161 silet
967 2122 1124 2161 umidus
1156 2124 1247 2161 aer:

195 2181 331 2220 Sidera
363 2181 443 2220 sola
475 2182 621 2221 micant
641 2213 649 2221 .
669 2181 714 2220 ad
748 2193 845 2231 quae
880 2193 948 2220 sua
981 2180 1161 2220 bracchia
1192 2179 1359 2220 tendens

194 2239 272 2278 Ter
303 2252 346 2279 se
377 2241 601 2292 convertit,
633 2247 693 2278 ter
725 2241 891 2291 sumptis
924 2240 1082 2278 {lumine
1116 2240 1265 2278 crinem

111 2305 175 2337 190
194 2297 387 2338 inroravit
416 2300 528 2350 aquis
546 2330 559 2351 ,
589 2299 791 2349 ternisque
825 2297 1036 2337 ululatibus
1068 2309 1136 2336 ora

196 2355 348 2409 Solvit,
379 2362 418 2396 et
447 2358 488 2396 in
520 2356 617 2396 dura
649 2357 857 2395 summisso
889 2355 1035 2409 poplite
1067 2362 1171 2395 terra

1088 2422 1133 2456 9.
