1554 2563
111 113 188 156 [80
355 125 477 148 mcms
651 111 864 146 METAMM
880 140 887 146 .

221 223 330 262 Tune
365 235 472 261 meae
507 224 612 261 necis
646 228 782 261 auctor
808 223 885 261 eris
904 219 941 260 ·?’
973 224 1106 261 tremit
1126 222 1188 261 ille
1208 254 1219 275 ,
1250 229 1439 274 pavetque

134 290 201 321 215
222 282 422 333 Pallidus,
454 287 493 320 et
525 281 658 319 timide
691 280 807 319 verba
840 283 1064 319 excusantia
1096 281 1211 319 dicit.

222 340 422 378 Dicentem
455 340 699 390 genibusque
733 351 868 377 manus
901 338 1086 378 adhibere
1118 345 1318 390 parantem

223 399 394 450 Corripit
424 398 607 450 Alcides,
640 405 678 436 et
709 405 847 448 terque
881 403 1098 448 quaterque
1131 404 1300 436 rotatum

221 457 340 496 Mittit
369 459 409 495 in
441 457 634 495 Euboicas
669 463 862 495 tormento
896 457 1035 495 fortius
1068 457 1213 495 undas.

222 516 288 554 Ille
320 527 392 567 per
424 517 547 554 aerias
579 515 752 566 pendens
784 515 962 553 induruit
993 526 1130 554 auras:
1265 523 1292 550 t.
1312 525 1441 549 cxxxvi.

136 582 202 613 220
224 574 350 625 thue
384 575 516 613 serunt
548 573 692 612 imbres
725 573 861 624 gelidis
888 585 1144 612 concrescere
1177 576 1326 623 ventis,

224 632 314 671 lude
348 634 455 671 nives
486 633 572 671 fieri
590 664 600 685 ‚
633 631 786 671 nivibus
819 644 974 683 quoque
1007 631 1121 671 molle
1154 634 1291 671 rotatis

222 692 394 742 Astringi
428 698 466 730 et
498 692 621 742 spissa
653 691 859 742 glomerari
892 690 1079 741 grandine
1112 702 1280 744 corpus,

224 750 287 788 Sic
319 749 427 788 illurn
459 749 593 788 validis
626 755 755 788 actum
786 761 857 800 per
889 750 1002 787 inane
1035 749 1191 788 lacertis

220 808 546 859 Exsanguemque
580 815 685 846 metu
718 820 790 846 nec
822 809 1032 858 quicquam
1064 809 1212 846 umoris
1238 808 1444 847 habentem

136 867 265 907 225111
298 867 444 918 rigidos
478 879 632 905 versum
665 866 794 905 silices
814 868 922 918 prior
954 866 1075 905 edidit
1107 872 1232 905 aetas.

222 926 335 964 Nunc
368 938 523 976 quoque
556 927 594 964 in
627 924 801 964 Euboico
833 925 1017 976 scopulus
1049 925 1178 964 brevis
1210 926 1350 965 emicat
1370 926 1443 965 alto

224 985 385 1035 Gurgite
419 992 458 1023 et
490 984 679 1023 humanae
713 989 840 1023 servat
871 985 1032 1035 vestigia
1064 984 1234 1037 formae,

224 1043 347 1089 Quem
368 1075 378 1094 ‚
411 1045 520 1094 quasi
554 1055 791 1095 sensurum,
824 1048 963 1081 nautae
996 1041 1145 1081 calcare
1177 1049 1387 1096 verentur,

224 1101 506 1153 Appellantque
539 1101 712 1140 Lichan.
752 1106 789 1140 at
823 1108 864 1140 tu
883 1133 893 1153 ,
926 1101 1025 1139 Iovis
1057 1101 1189 1140 inclita
1220 1102 1374 1154 proles,

137 1168 204 1200 230
225 1160 440 1199 Arboribus
473 1162 596 1199 caesis
615 1191 626 1212 ,
658 1172 753 1210 quas
786 1160 905 1198 ardua
937 1166 1112 1210 gesserat
1144 1159 1264 1212 Oete,

224 1218 346 1269 Inque
379 1231 512 1269 pyram
547 1220 707 1257 structis
740 1230 874 1257 arcum
907 1218 1207 1269 pharetramque
1241 1231 1421 1270 capacem

225 1277 436 1328 Regnaque
469 1279 619 1315 visuras
651 1278 795 1316 iterum
827 1276 995 1315 Troiana
1028 1279 1186 1327 sagittas

225 1336 344 1374 Ferre
379 1335 489 1374 iubes
524 1336 691 1374 Poeante
725 1342 850 1374 satum
870 1367 880 1387 ‚
913 1347 989 1385 quo
1022 1335 1174 1373 ssamma
1206 1337 1386 1375 ministro

227 1394 417 1432 Subdita.
457 1394 628 1443 dumque
662 1393 781 1432 avidis
803 1394 1098 1444 comprenditur
1118 1393 1273 1444 ignibus
1306 1406 1446 1447 agger,

138 1460 205 1492 235
227 1452 458 1503 Congeriem
491 1452 607 1491 silvae
640 1452 832 1490 Nemeaeo
865 1451 1006 1490 vellere
1039 1465 1230 1491 summam

227 1511 378 1550 Sternis
397 1542 408 1563 ,
440 1517 479 1550 et
509 1512 677 1562 inposita
708 1511 835 1549 clavae
868 1512 1019 1549 cervice
1051 1511 1272 1563 recumbis,

226 1570 337 1608 Haud
369 1569 442 1608 alio
475 1570 584 1608 vultu
603 1601 613 1621 ‚
646 1581 760 1620 quam
793 1570 826 1607 si
858 1571 1017 1608 conviva
1048 1570 1197 1609 iaceres

225 1628 332 1667 Inter
364 1628 477 1679 plena
510 1629 607 1668 meri
640 1627 845 1667 redImitus
876 1628 1017 1679 pocula
1048 1630 1188 1667 sertis,

287 1686 444 1737 Iamque
478 1686 608 1726 valens
641 1692 680 1725 et
712 1687 750 1725 in
784 1698 898 1724 omne
931 1686 1031 1725 latus
1063 1687 1201 1726 diffusa
1234 1686 1418 1740 sonabat,

140 1752 207 1784 240
229 1745 479 1796 Securosque
512 1752 620 1784 artus
653 1750 1043 1796 contemptoremque
1074 1745 1233 1797 petebat

226 1804 396 1842 Flamma
429 1816 571 1843 suum.
611 1805 777 1842 timuere
810 1803 872 1841 dei
903 1815 974 1854 pro
1006 1803 1158 1843 vindice
1191 1810 1340 1843 terrae.

227 1863 334 1908 Quos
365 1864 448 1915 ita,
479 1863 602 1901 sensit
633 1863 737 1901 enim
755 1893 767 1914 ,
797 1861 896 1900 laeto
930 1861 1136 1901 Saturnius
1169 1875 1236 1902 ore

225 1921 402 1972 Iuppiter
433 1920 674 1971 alloquitur:
707 1917 854 1959 ‘nostra
892 1925 952 1959 est
988 1922 1106 1959 timor
1143 1922 1216 1959 iste
1250 1921 1448 1974 voluptas,

228 1979 259 2018 Ο
292 1980 455 2032 superi,
487 1984 649 2029 totoque
680 1978 806 2017 libens
839 1978 933 2016 mihi
965 1985 1124 2029 pectore
1157 1986 1308 2032 grator,

141 2044 207 2076 245
229 2037 341 2083 Quod
373 2038 557 2076 memoris
588 2036 722 2089 populi
754 2037 862 2076 dicor
894 2042 1104 2088 rectorque
1136 2044 1326 2089 paterque

229 2095 279 2134 Et
310 2108 394 2135 mea
426 2097 635 2147 progenies
667 2101 797 2134 vestro
831 2107 986 2146 quoque
1019 2101 1102 2134 tuta
1134 2096 1263 2135 favore
1295 2102 1377 2136 est.

228 2154 325 2193 Nam
358 2166 592 2205 quamquam
624 2155 747 2205 ipsius
779 2153 894 2193 datur
924 2153 998 2192 hoc
1028 2154 1251 2193 inmanibus
1283 2157 1402 2209 actis,

229 2212 390 2263 Obligor
422 2215 505 2264 ipse
538 2219 695 2251 tamen.
734 2212 802 2251 sed
835 2213 938 2251 enim
969 2224 1042 2251 nec
1073 2218 1233 2264 pectora
1264 2225 1361 2253 vano

228 2270 322 2309 Fida
354 2277 460 2309 metu
493 2278 685 2323 paveant.
730 2272 824 2310 istas
856 2283 934 2322 ne,
966 2273 1140 2322 spernite
1172 2271 1366 2312 flammas!

144 2336 210 2369 250
232 2328 369 2368 Omnia
402 2330 469 2380 qui
500 2331 621 2381 vicit,
652 2330 810 2382 vincet,
843 2341 940 2380 quos
972 2331 1163 2383 cernitis,
1194 2331 1328 2383 ignes3
