1554 2563
163 115 246 157 292
428 128 523 150 Picus
713 113 926 148 METAMM
940 140 948 148 .

282 226 528 275 Flammaque
561 236 632 275 per
663 229 764 262 totas
796 225 874 262 visa
907 230 966 263 est
998 235 1131 262 errare
1163 223 1370 263 medullas.

280 283 330 322 Ut
361 284 532 334 primum
564 282 686 320 valido
721 289 891 321 mentem
924 281 1080 332 collegit
1111 281 1157 320 ab
1190 288 1324 335 aestu,

281 341 383 387 Quid
416 347 606 392 cuperet,
638 341 788 379 fassura
821 341 920 379 suit.
959 352 1009 379 ne
1040 347 1174 391 posset
1206 341 1336 393 adire,

281 400 429 439 Cursus
462 400 551 450 equi
583 399 676 438 fecit
707 399 1050 449 circumfususque
1083 398 1259 437 satelles.

193 467 260 498 355
282 455 430 497 eeeN0n2
464 459 515 496 ait
548 455 725 508 ‘effugies
744 488 755 509 ,
787 464 901 496 vento
934 458 1085 508 rapiare
1117 456 1272 510 licebit,

282 517 323 556 Si
355 516 469 555 modo
502 528 563 555 me
596 517 712 569 novi,
745 517 776 554 si
809 528 886 554 non
919 517 1075 554 evanuit
1106 517 1232 554 omnis

281 575 500 614 Herbarum
532 575 684 626 virtus,
717 586 789 613 nec
822 586 882 612 me
915 586 998 612 mea
1031 575 1202 613 carmina
1233 574 1392 614 fallunt.

282 634 413 686 Dixit,
446 639 485 672 et
516 633 684 684 effigiem
703 664 713 684 ,
745 632 850 671 nullo
883 644 972 671 cum
1004 644 1168 684 corpore
1187 664 1198 685 ,
1230 633 1315 672 falsi

280 692 410 731 Finxit
442 693 554 744 apri,
587 697 822 743 praeterque
855 691 990 730 oculos
1022 698 1295 730 transcurrere
1327 694 1441 746 regis,

193 752 428 802 3601ussit,
460 756 500 789 et
530 752 570 789 in
602 750 768 789 densum
798 748 975 788 trabibus
1007 761 1146 788 nemus
1178 751 1236 789 ire
1267 749 1413 802 videri,

281 809 453 848 Plurima
485 821 559 860 qua
592 808 685 847 silva
718 814 777 846 est
808 814 847 847 et
879 820 980 859 equo
1011 808 1095 846 loca
1120 809 1252 859 pervia
1277 820 1356 847 non
1388 815 1500 848 sunt.

281 867 391 907 Ilaud
423 879 560 919 mora,
592 868 777 906 continuo
809 867 975 917 praedae
1010 868 1109 918 petit
1144 868 1292 906 inscius
1324 867 1500 906 umbram

280 927 397 965 Picus
416 957 427 979 ,
458 927 628 976 equique
661 925 765 964 celer
797 926 1016 976 spumantia
1046 930 1156 977 terga
1187 925 1396 978 relinquit,

282 985 478 1036 Spemque
511 996 680 1035 sequens
712 996 848 1022 vanam
881 983 973 1022 silva
1005 983 1125 1035 pedes
1157 993 1263 1023 errat
1294 986 1333 1022 in
1367 984 1461 1023 alta.

194 1053 260 1083 365
282 1043 461 1094 Concipit
492 1042 555 1081 illa
587 1054 726 1094 preces
759 1048 798 1081 et
828 1042 945 1080 verba
977 1043 1147 1081 venefica
1179 1042 1273 1081 dicit

280 1102 516 1153 ignotosque
549 1102 643 1140 deos
674 1103 807 1151 ignoto
841 1102 1011 1140 carmine
1044 1101 1204 1154 adorat,

281 1161 366 1206 Quo
400 1160 499 1198 solet
530 1165 569 1198 et
600 1161 733 1199 niveae
768 1159 915 1198 vultum
948 1159 1189 1198 confundere
1221 1158 1352 1198 Lunae

280 1218 330 1257 Et
361 1220 487 1269 patrio
520 1219 637 1269 capiti
668 1217 820 1256 bibulas
854 1217 1061 1256 subtexere
1095 1217 1242 1256 nubes.

280 1277 381 1315 Tum
413 1288 569 1327 quoque
602 1281 754 1315 cantato
787 1275 974 1314 densetur
1006 1277 1176 1314 carmine
1210 1275 1359 1314 caelum

194 1344 261 1376 370
281 1335 330 1374 Et
362 1334 523 1374 nebulas
556 1334 707 1373 exhalat
738 1334 880 1372 humus
899 1366 910 1386 ,
943 1335 1146 1384 caecisque
1179 1340 1366 1384 vagantur

280 1392 488 1432 Limitibus
521 1394 683 1431 comites
702 1424 713 1445 ,
745 1398 784 1430 et
816 1391 926 1431 abest
957 1392 1133 1431 custodia
1164 1394 1271 1443 regi.
1545 1390 1554 1423 ἶ

280 1452 399 1490 Nacta
430 1451 559 1490 locum
585 1456 818 1502 tempusque
845 1448 962 1502 “⁹per
981 1482 991 1502 ,
1024 1463 1046 1488 0
1065 1482 1075 1502 ,
1107 1456 1173 1489 tua
1198 1447 1384 1502 lumina,’
1405 1450 1501 1489 dixit
1550 1450 1554 1458 “

280 1507 403 1556 ‘Quae
436 1522 520 1548 mea
552 1514 742 1560 ceperunt
760 1540 771 1561 ,
802 1521 950 1560 perque
983 1509 1082 1547 hanc
1101 1541 1111 1561 ,
1142 1509 1430 1561 pulcherrime,

1313 1567 1501 1620 formam,
1551 1603 1554 1607 .

281 1627 388 1673 Quae
421 1627 541 1679 facit,
572 1632 617 1665 ut
648 1625 810 1677 supplex
842 1625 913 1664 tibi
939 1627 1012 1664 sim
1038 1625 1109 1664 dea
1127 1657 1138 1677 ,
1169 1625 1330 1664 consule
1355 1628 1501 1664 nostris
1549 1626 1554 1636 “

194 1693 260 1725 375
281 1685 441 1736 Ignibus
460 1716 471 1738 ,
504 1690 543 1723 et
574 1696 755 1723 socerum
775 1715 786 1735 ,
817 1685 885 1734 qui
914 1683 1092 1735 pervidet
1123 1686 1280 1736 omnia,
1313 1683 1442 1723 Solem
1550 1684 1554 1686 ’

279 1744 422 1795 Accipe
441 1774 452 1796 ,
484 1755 557 1782 nec
589 1742 712 1781 durus
743 1741 921 1781 Titanida
952 1741 1109 1793 despice
1142 1741 1281 1781 Circen
1297 1739 1353 1781 .'’'

281 1801 465 1840 Dixerat.
504 1800 567 1840 ille
599 1801 710 1840 ferox
742 1802 943 1851 ipsamque
975 1812 1192 1851 precesque
1224 1800 1400 1852 repellit,

280 1859 329 1899 Et
361 1857 680 1910 “‘quaecumque
713 1870 756 1897 es
774 1855 801 1909 ,⁹
835 1859 887 1896 ait
918 1855 1011 1897 ‘non
1044 1870 1131 1897 sum
1163 1865 1283 1897 tuus.
1322 1858 1442 1897 altera

1344 1922 1500 1968 captum
1550 1936 1554 1940 -

281 1976 340 2014 Me
366 1981 503 2028 tenet,
529 1980 568 2014 et
592 1980 724 2014 teneat
748 1986 819 2026 per
844 1974 1001 2026 longum
1020 2006 1031 2027 ,
1064 1987 1316 2027 comprecor,
1341 1986 1499 2018 aevum.

194 2043 261 2074 380
280 2034 361 2073 Nec
392 2033 543 2073 Venere
575 2038 735 2072 externa
768 2032 922 2072 socialia
954 2032 1110 2071 foedera
1140 2033 1312 2085 laedam,

281 2092 381 2131 Dum
413 2091 508 2131 mihi
538 2091 759 2142 Ianigenam
791 2090 1002 2130 servabunt
1032 2091 1109 2130 fata
1141 2090 1351 2130 Canentem
1366 2088 1423 2130 .'''

283 2150 406 2201 Saepe
439 2151 682 2201 retemptatis
713 2149 897 2200 preci-bus
929 2148 1080 2187 Titania
1112 2149 1280 2201 frustra,

282 2205 415 2247 “‘Non
447 2209 593 2259 inpune
626 2208 729 2246 feres
748 2239 759 2260 ,
791 2204 933 2258 neque'
972 2208 1024 2245 ait
1055 2204 1235 2246 ‘reddere
1267 2207 1429 2248 Canenti
1442 2204 1497 2247 !’''

282 2264 500 2317 [Laesaque
533 2266 624 2317 quid
658 2266 801 2318 faciat,
833 2265 925 2316 quid
958 2277 1118 2318 amanS,
1152 2265 1243 2316 quid
1276 2266 1441 2318 semina,

1372 2324 1498 2363 disces

1398 571 1441 589 997
