1554 2563
118 99 172 141 32
353 112 483 136 crenus
668 100 883 136 METAMM
896 127 904 136 .

236 207 322 249 Huc
354 217 416 250 eat
447 216 564 262 atque
595 210 689 250 illuc
721 217 789 263 et,
820 210 913 250 dum
944 210 1066 263 licet,
1097 209 1229 250 oscula
1260 208 1429 262 iungat?

234 268 320 307 Non
353 270 447 308 satis
478 275 569 321 est3
600 271 752 309 truncis
784 269 949 309 avellere
982 281 1147 321 corpora
1178 275 1343 321 temptat

234 326 284 365 Et
315 332 473 367 teneros
505 327 685 368 manibus
716 340 845 368 ramos
877 328 1101 380 abrumpit.
1141 333 1180 367 at
1209 328 1299 367 inde

148 394 215 425 360
237 385 480 437 Sanguineae
512 392 699 440 manant,
730 392 927 438 tamquam
960 387 1007 426 de
1039 386 1200 426 vulnere
1219 418 1231 439 ,
1262 392 1417 438 guttae.

236 442 372 483 ‘Parce
386 477 397 497 ,
410 457 553 497 precor
564 477 575 498 ‚
590 443 749 499 mater‚'
765 458 1035 497 quaecumque
1051 451 1111 484 est
1124 446 1255 484 saucia
1266 476 1278 498 ,
1298 445 1459 497 clamat,

236 500 373 542 ‘Parce
392 535 403 556 ‚
433 503 605 556 precor!
637 510 817 544 nostrum
848 504 1043 544 laceratur
1062 505 1102 543 in
1132 503 1272 543 arbore
1291 515 1458 556 corpus.

236 561 395 613 Iamque
425 559 525 602 vale'
557 584 612 591 —
645 568 780 603 cortex
811 565 851 602 in
883 563 1001 602 verba
1032 563 1242 602 novissima
1272 564 1400 602 venit.

235 619 329 659 Inde
361 620 490 660 fluunt
520 621 701 661 lacrimae
720 653 732 675 ‚
763 621 983 673 stillataque
1016 621 1098 660 sole
1128 623 1332 672 rigescunt

148 686 217 718 365
239 678 294 717 De
327 681 445 719 ramis
478 680 623 720 electra
654 682 793 733 novis,
825 693 924 732 quae
956 680 1111 720 lucidus
1142 681 1266 719 amnis

235 736 390 789 Excipit
421 744 460 778 et
491 738 657 778 nuribus
688 740 808 779 mittit
838 739 1024 790 gestanda
1054 738 1224 778 Latinis.

295 797 415 836 Affuit
444 797 537 836 huic
562 804 739 837 monstro
770 798 901 849 proles
935 797 1156 837 Stheneleia
1188 797 1366 850 Cycnus,

238 855 314 901 Qui
346 855 417 894 tibi
449 861 627 896 materno
660 857 835 907 quamvis
868 869 889 895 a
920 858 1110 908 sanguine
1140 857 1324 908 iunctuS,

237 913 366 953 Mente
387 920 516 954 tamen
535 947 546 968 ,
578 915 779 954 Phaethon
798 947 809 967 ‚
841 917 1002 967 propior
1022 916 1097 954 fuit
1110 946 1119 955 .
1156 915 1220 954 ille
1252 915 1389 955 relicto
1406 937 1459 943 —

149 979 218 1011 370
238 972 335 1011 Nam
366 972 557 1024 Ligurum
588 973 753 1025 populos
785 979 824 1012 et
849 986 1006 1025 magnas
1038 979 1194 1013 rexerat
1223 973 1344 1013 urbes
1376 995 1430 1001 *-

237 1030 406 1082 Imperio
439 1033 544 1084 ripas
569 1032 713 1072 virides
745 1044 979 1085 amnemque
1012 1032 1199 1084 querellis

238 1089 454 1131 Eridanum
483 1089 666 1144 implerat
696 1090 911 1144 silvamque
941 1090 1148 1133 sororibus
1176 1095 1356 1133 auctam:

239 1147 337 1188 Cum
367 1161 442 1189 vox
473 1156 534 1190 est
564 1156 723 1191 tenuata
754 1152 868 1204 viro,
899 1163 1098 1203 canaeque
1130 1151 1290 1204 capillos

238 1206 493 1248 Dissimulant
523 1209 677 1261 plumae
696 1241 707 1263 ,
739 1210 960 1262 collumque
992 1223 1013 1250 a
1043 1217 1205 1263 pectore
1236 1211 1350 1263 longe

150 1272 217 1305 375
238 1266 461 1318 Porrigitur
478 1299 489 1320 ,
522 1268 744 1320 digitosque
775 1268 868 1320 ligat
898 1271 1082 1309 iunctura
1112 1269 1325 1322 rubentes,

237 1324 371 1364 Penna
402 1326 503 1365 latus
535 1327 679 1378 vestit,
710 1333 819 1367 tenet
855 1340 899 1367 os
931 1329 1016 1367 sine
1054 1330 1233 1368 acumine
1265 1334 1460 1369 rostrum.

238 1383 299 1422 Fit
329 1396 426 1423 nova
447 1384 600 1436 Cycnus
620 1387 728 1438 avis3
760 1398 833 1425 nec
853 1399 894 1425 se
915 1387 1101 1438 caeloque
1128 1387 1285 1438 Iovique
1344 1396 1374 1423 f.
1392 1396 1462 1423 xiv.

239 1441 403 1495 Credit,
435 1449 478 1482 ut
509 1445 653 1483 iniuste
680 1446 790 1484 missi
822 1457 972 1484 memor
1002 1447 1103 1497 ignis
1136 1445 1182 1484 ab
1214 1446 1303 1485 illo:

240 1500 383 1552 Stagna
413 1503 513 1553 petit
542 1502 774 1554 patulosque
805 1503 942 1555 lacus3
974 1505 1182 1555 ignemque
1213 1516 1380 1556 perosus

151 1567 220 1599 380
240 1559 348 1605 Quae
381 1561 511 1613 colat,
543 1561 661 1613 elegit
691 1564 887 1601 contraria
918 1562 1078 1602 flumina
1108 1563 1296 1603 flammis.

299 1618 507 1670 Squalidus
538 1621 690 1659 interea
720 1622 875 1672 genitor
906 1621 1161 1661 Phaethontis
1192 1627 1232 1661 et
1257 1634 1396 1674 expers

239 1675 327 1728 Ipse
361 1679 422 1717 sui
454 1677 637 1731 decoris,
663 1679 788 1730 qualis
821 1692 911 1718 cum
943 1680 1074 1719 deficit
1105 1679 1242 1719 orbem

238 1734 336 1774 Esse
369 1735 496 1788 solet,
528 1737 735 1788 lucemque
767 1737 849 1777 odit
881 1750 1001 1789 seque
1034 1739 1117 1790 ipse
1149 1738 1355 1792 diemque,

239 1793 390 1845 Datque
422 1796 594 1834 animum
625 1797 665 1834 in
696 1796 827 1835 luctus
858 1802 898 1836 et
927 1796 1099 1836 luctibus
1131 1797 1250 1836 adicit
1279 1799 1401 1851 iram,

152 1860 219 1892 385
240 1851 502 1904 Officiumque
535 1860 650 1905 negat
681 1854 856 1894 mundo.
896 1851 1021 1894 ‘satis'
1053 1856 1182 1906 inquit
1213 1853 1275 1895 ‘ab
1307 1858 1389 1896 aevi

241 1910 336 1950 Sors
366 1923 452 1951 mea
482 1913 687 1964 principiis
719 1913 793 1952 suit
822 1914 1071 1967 inrequieta,
1100 1915 1285 1965 pigetque

239 1970 427 2009 Actorum
459 1972 542 2009 sine
575 1972 650 2010 fine
683 1971 777 2010 mihi
796 2002 807 2023 ,
839 1973 923 2010 sine
949 1972 1098 2011 honore
1130 1972 1330 2012 laborum.

241 2028 414 2074 Quilibet
444 2028 542 2068 alter
574 2035 660 2080 agat
690 2034 893 2081 portantes
923 2030 1070 2070 lumina
1096 2030 1266 2071 currus!

240 2086 281 2125 Si
313 2099 428 2126 nemo
460 2094 550 2140 est,
583 2099 796 2139 omnesque
828 2088 891 2127 dei
923 2101 1001 2127 non
1032 2101 1148 2140 posse
1181 2090 1377 2143 fatentur,

152 2145 327 2196 3901pse
358 2151 473 2198 agat;
504 2152 548 2185 ut
579 2146 715 2186 saltem
733 2178 744 2199 ,
776 2146 868 2185 dum
899 2153 1053 2186 nostras
1085 2153 1249 2200 temptat
1266 2147 1458 2201 habenas,

239 2203 433 2243 Orbatura
463 2211 594 2256 patres
627 2204 832 2256 aliquando
866 2205 1027 2244 fulmina
1057 2212 1199 2257 ponat.

239 2261 340 2300 Tum
371 2264 497 2315 sciet,
529 2263 755 2315 ignipedum
786 2265 888 2303 vires
919 2271 1105 2316 expertus
1137 2277 1353 2318 equorum,

239 2319 324 2359 Non
356 2322 547 2361 meruisse
574 2334 740 2375 necem,
772 2323 839 2373 qui
871 2334 948 2361 non
980 2321 1079 2362 bene
1112 2324 1259 2363 rexerit
1288 2323 1377 2362 illos
1392 2321 1416 2362 .’
