1554 2563
133 103 215 145 122
347 117 544 140 prunonem
680 104 895 139 METAMM
910 131 917 140 .

248 213 380 254 Vincla
411 216 493 266 pati
523 215 654 267 cogit.
693 214 869 267 iugulum
900 214 1114 255 Philomela
1145 215 1329 268 parabat,

248 273 444 325 Spemque
477 285 570 313 suae
602 275 739 313 mortis
770 275 852 312 viso
884 280 1118 326 conceperat
1142 286 1259 314 ense.

160 339 226 370 555
247 332 314 370 llle
345 331 615 383 indignantem
648 331 706 382 [et
738 344 881 371 nomen
912 334 1035 384 patris
1067 344 1193 384 usque
1226 337 1429 372 vocantem

247 390 556 442 Luctantemque
588 390 713 442 loqui]
747 403 1017 443 comprensam
1050 391 1199 443 forcipe
1229 391 1400 443 linguam

246 449 419 489 Abstulit
449 461 543 489 ense
576 450 659 489 fero
679 480 688 488 .
727 448 855 500 [radix
887 451 1005 489 micat
1035 450 1171 489 ultima
1202 449 1381 502 linguae,

247 508 334 559 Ipsa
363 510 494 561 iacet,
525 514 733 559 terraeque
765 517 939 548 tremens
970 510 1234 548 inmurmurat
1264 514 1393 548 atrae.

247 566 376 618 thue
408 566 523 607 salire
555 567 655 606 solet
685 567 1038 608 mutilataecauda
1069 567 1277 620 colubrae,

159 632 225 665 560
244 625 440 678 palpitat,
473 631 512 665 et
542 627 714 665 moriens
746 626 924 665 dominae
956 627 1118 677 vestigia
1149 627 1303 678 quaerit
1317 625 1345 676 .]

246 683 329 723 Hoc
367 697 524 736 quoque
560 690 651 737 post
687 685 838 724 facinus
871 705 925 713 -—
959 686 1021 724 vix
1058 686 1183 724 ausim
1221 685 1383 724 credere
1418 706 1467 713 -

1131 744 1260 783 fertur

248 802 371 854 Saepe
404 815 474 842 sua
506 803 679 842 lacerum
711 804 903 855 repetisse
935 801 1094 842 libidine
1127 814 1294 854 corpus,

248 861 426 901 Sustinet
457 862 503 901 ad
534 861 716 913 Prognen
748 867 838 913 post
869 861 957 900 talia
989 862 1089 900 facta
1121 862 1289 912 reverti,

247 919 421 972 Coniuge
454 933 552 971 quae
585 922 666 960 viso
698 931 922 972 germanam
954 921 1135 971 quaerit.
1174 926 1213 959 at
1243 919 1306 959 ille

158 986 225 1018 565
248 979 319 1018 Dat
349 981 518 1031 gemitus
549 980 661 1019 fictos
678 1011 690 1032 ,
722 984 1019 1030 commentaque
1052 979 1190 1018 funera
1221 986 1376 1031 narrat;

246 1037 296 1077 Et
326 1038 507 1077 lacrimae
540 1039 671 1077 fecere
702 1037 846 1077 fidem.
885 1037 1074 1077 velamina
1099 1037 1253 1089 Progne

248 1096 391 1148 Diripit
421 1109 469 1136 ex
500 1099 647 1137 umeris
679 1109 774 1136 auro
807 1096 995 1148 fulgentia
1029 1096 1129 1149 lato,

245 1154 505 1207 induiturque
537 1162 640 1195 atras
665 1161 822 1208 vestes,
854 1162 893 1194 et
923 1156 1038 1196 inane
1070 1154 1322 1207 sepulchrum

247 1213 488 1266 Constituit,
519 1214 705 1266 falsisque
736 1214 887 1266 piacula
919 1213 1098 1253 manibus
1129 1214 1271 1265 insert,

158 1279 226 1312 570
251 1271 302 1312 Et
331 1273 440 1324 luget
470 1285 549 1312 non
581 1274 638 1312 sic
669 1273 859 1324 lugendae
891 1273 968 1312 fata
999 1274 1170 1312 sororis.

248 1331 365 1382 Signa
397 1331 493 1371 deus
520 1331 579 1371 bis
611 1343 680 1371 sex
711 1338 796 1371 acto
829 1332 1061 1371 lustraverat
1092 1343 1216 1371 anno.

247 1390 349 1436 Quid
381 1390 495 1430 saciat
525 1390 739 1430 Philomela
757 1388 779 1430 ⁸?
810 1391 940 1441 sugam
971 1390 1147 1430 custodia
1179 1389 1345 1429 claudit:

249 1448 406 1488 structa
434 1450 562 1500 rigent
593 1449 715 1488 solido
748 1448 993 1488 stabulorum
1024 1450 1177 1488 moenia
1209 1461 1323 1488 saxo:

247 1507 300 1547 Os
332 1514 485 1547 mutum
516 1509 608 1547 sacti
640 1513 747 1547 caret
777 1507 934 1547 indice.
972 1507 1117 1559 grande
1149 1506 1294 1547 doloris

159 1574 225 1606 575
245 1566 450 1618 Ingenium
483 1573 575 1619 est,
606 1568 840 1618 miserisque
871 1567 978 1605 venit
1008 1566 1179 1605 sollertia
1210 1565 1329 1606 rebus

248 1625 420 1665 Stamina
451 1624 655 1665 barbarica
685 1625 892 1677 suspendit
921 1625 1075 1664 Pallade
1106 1625 1231 1678 telae,

246 1684 553 1736 Purpureasque
585 1689 697 1724 notas
728 1684 804 1723 filis
834 1684 1002 1723 intexuit
1032 1683 1153 1736 albis,

246 1742 438 1782 Indicium
470 1743 660 1795 sceleris3
692 1743 945 1795 perfectaque
977 1743 1137 1782 tradidit
1168 1743 1260 1795 uni,

246 1801 375 1853 thue
408 1802 508 1841 serat
539 1801 718 1840 dominae
749 1807 862 1852 gestu
893 1808 1005 1852 rogat
1035 1801 1127 1840 illa.
1166 1806 1299 1852 rogata

159 1868 227 1899 580
247 1859 416 1899 Pertulit
446 1860 493 1899 ad
524 1860 705 1911 Prognen
725 1891 736 1913 ‚
768 1872 840 1898 nec
872 1861 974 1911 scit,
1008 1859 1101 1910 quid
1139 1859 1267 1898 tradat
1297 1860 1336 1898 in
1370 1858 1464 1898 illis.

246 1918 398 1958 Evolvit
428 1924 557 1958 vestes
589 1920 694 1958 saevi
724 1924 901 1958 matrona
933 1920 1111 1970 tyranni,

247 1978 541 2028 Germanaeque
573 1989 667 2017 suae
700 1989 857 2016 carmen
889 1976 1110 2016 miserabile
1142 1976 1259 2029 legit,

245 2036 296 2075 Et
327 2057 382 2065 —-
414 2038 558 2075 mirum
589 2037 765 2088 potuisse
785 2057 840 2064 -
861 2035 950 2074 silet
970 2066 978 2074 .
1017 2035 1128 2074 dolor
1147 2047 1236 2074 orsa
1256 2035 1470 2087 repressit,

246 2094 450 2146 Verbaque
483 2096 689 2147 quaerenti
720 2095 814 2134 satis
845 2093 1086 2145 indignantia
1118 2094 1271 2145 linguae

158 2161 224 2192 585
245 2153 492 2193 Defuerunt.
531 2166 604 2193 nec
630 2153 725 2192 ssere
759 2158 893 2205 vacat,
925 2152 993 2191 sed
1026 2153 1162 2203 fasque
1194 2152 1381 2203 nefasque

245 2211 466 2251 Confusura
498 2213 607 2264 ruit,
639 2223 867 2263 poenaeque
898 2212 938 2250 in
970 2211 1138 2262 imagine
1171 2216 1250 2250 tota
1277 2217 1358 2250 est.

303 2269 476 2321 Tempus
509 2276 622 2322 erat,
655 2282 732 2321 quo
765 2281 876 2309 sacra
907 2268 1036 2308 solent
1068 2270 1267 2308 trieterica
1299 2268 1441 2308 Bacchi

245 2327 445 2368 Sithoniae
479 2328 678 2368 celebrare
711 2340 865 2368 nurus:
896 2339 973 2367 nox
1006 2329 1162 2367 conscia
1193 2328 1339 2368 sacris.
