1554 2563
546 83 632 119 XIV
644 111 654 128 ,
682 87 747 119 133
754 87 866 119 -204
877 111 885 119 .
982 97 1206 119 romrmmus
1300 85 1354 125 28
1361 85 1382 124 7

80 201 145 233 170
166 193 207 232 Si
240 194 368 233 minus
399 195 554 233 Aenean
587 205 754 233 veneror
784 195 991 246 genitore.
1029 206 1102 234 nec
1133 205 1319 246 umquam

164 251 261 291 Esse
294 253 387 291 satis
418 258 555 304 potero
575 284 586 305 ,
616 257 814 304 praestem
845 252 937 292 licet
968 255 1096 292 omnia
1114 284 1126 306 ,
1157 259 1313 305 gratus.

165 310 276 356 Quod
308 311 449 362 loquor
480 317 520 350 et
550 312 655 363 spiro
688 311 917 362 caelumque
951 317 989 351 et
1021 312 1148 351 sidera
1181 312 1273 351 solis

164 368 345 421 Respicio
364 401 375 422 ,
406 371 606 421 possimne
637 371 814 421 ingratus
848 376 886 409 et
917 371 1110 409 inmemor
1141 383 1227 410 esse
1246 368 1268 410 P

165 427 230 467 llle
263 427 399 481 dedit,
431 428 536 480 quod
569 440 647 467 non
678 429 805 467 anima
835 428 932 468 haee
964 428 1142 481 Cyclopis
1174 431 1214 468 in
1246 441 1313 468 ora

81 494 143 526 175
167 486 310 538 Venit3
343 492 412 539 et,
443 493 487 526 ut
517 488 594 526 iam
625 499 730 526 nunc
762 487 894 527 lumen
927 488 1040 527 vitale
1073 488 1315 541 relinquam,

164 544 214 584 Ut
244 545 396 584 tumulo
428 551 495 585 aut
526 551 633 584 certe
665 558 744 585 non
776 545 840 585 illa
872 547 1017 586 condar
1048 548 1089 586 in
1121 547 1226 586 alvo.

164 603 265 649 Quid
292 604 387 643 mihi
411 609 506 643 tunc
533 605 652 643 animi
671 627 728 632 —
748 606 824 644 nisi
850 605 883 644 si
910 606 1025 644 timor
1051 605 1212 644 abstulit
1231 618 1385 645 omnem

164 662 333 701 Sensum
364 664 615 714 animumque
649 684 704 692 —
737 663 810 703 fuit
828 694 840 716 ,
871 675 961 703 cum
992 675 1059 703 vos
1090 669 1227 716 petere
1259 664 1333 703 alta

1225 723 1385 763 relictus

163 781 341 831 Aequora
374 778 602 832 conspexi?
633 780 738 820 volui
769 781 979 821 inclamare
997 813 1009 833 ,
1042 781 1111 821 sed
1141 781 1246 821 hosti

77 846 142 878 180
166 839 337 878 Prodere
368 851 431 878 me
463 841 605 878 timui.
643 845 796 879 vestrae
829 852 986 892 quoque
1019 840 1165 880 clamor
1196 840 1318 880 Ulixis

164 897 290 937 Paene
323 899 398 938 rati
429 899 591 937 nocuit.
631 898 737 950 vidi,
770 911 859 938 cum
891 905 1022 938 monte
1054 899 1210 938 revulso

166 956 365 996 inmanem
397 957 603 1008 scopulum
635 957 782 996 medias
813 959 993 1009 permisit
1022 959 1063 996 in
1095 957 1244 1011 undas3

164 1014 248 1054 Vidi
278 1017 423 1054 iterum
454 1015 576 1054 veluti
607 1017 794 1055 tormenti
826 1016 975 1055 viribus
1007 1022 1092 1055 acta

164 1073 276 1113 Vasta
308 1073 496 1125 Giganteo
529 1073 763 1113 iaculantem
795 1086 885 1113 saxa
916 1075 1086 1127 lacerto,

78 1141 140 1172 185
165 1132 241 1185 Et,
273 1144 322 1171 ne
355 1133 594 1184 deprimeret
624 1132 767 1172 fluctus
799 1135 972 1172 iactusve
1005 1135 1200 1186 carinam,

161 1191 354 1230 Pertimui
372 1223 383 1243 ,
415 1193 491 1230 iam
522 1203 585 1230 me
617 1203 695 1230 non
728 1203 815 1230 esse
849 1191 993 1231 oblitus
1026 1194 1066 1231 in
1098 1192 1185 1231 illa.

162 1249 212 1289 Ut
243 1262 335 1288 vero
368 1250 458 1301 fuga
489 1261 557 1288 vos
589 1249 636 1289 ab
669 1249 809 1289 acerba
840 1255 967 1289 morte
1000 1251 1179 1303 reduxit,

161 1308 228 1347 Ille
261 1308 419 1360 quidem
451 1314 570 1347 totam
602 1308 872 1360 gemebundus
905 1308 1128 1348 obambulat
1157 1309 1343 1362 Aetnam,

161 1367 505 1419 Praetemptatque
538 1378 655 1405 manu
688 1367 801 1406 silvas
820 1399 831 1420 ,
863 1373 903 1406 et
934 1367 1091 1406 luminis
1123 1367 1244 1406 orbus

78 1434 141 1466 190
163 1425 340 1477 Rupibus
372 1427 577 1477 incursat,
609 1425 839 1476 foedataque
871 1425 1052 1464 bracchia
1084 1425 1173 1465 tabo

162 1484 205 1523 111
237 1496 343 1523 mare
376 1483 615 1535 protendens
647 1490 804 1535 gentem
837 1490 1064 1523 exsecratur
1089 1484 1296 1537 Achivam,

161 1543 288 1594 Atque
321 1544 374 1581 ait
406 1539 461 1581 “o
492 1544 525 1581 si
557 1543 646 1593 quis
679 1542 825 1581 referat
850 1543 945 1581 mihi
978 1554 1090 1582 casus
1123 1542 1285 1596 Ulixen,

162 1602 238 1641 Aut
269 1601 439 1653 aliquem
470 1613 492 1640 e
525 1602 641 1640 sociis
659 1632 670 1653 ,
701 1602 741 1639 in
774 1613 891 1652 quem
923 1613 1008 1640 mea
1040 1603 1185 1640 saeviat
1216 1603 1297 1655 ira,

163 1660 320 1699 Viscera
353 1661 464 1699 cuius
497 1659 609 1698 edam
628 1690 639 1712 ,
671 1661 783 1698 cuius
815 1661 981 1699 viventia
1014 1660 1151 1699 dextra

79 1727 142 1759 195
164 1718 336 1758 Membra
368 1731 453 1757 mea
486 1718 656 1770 laniem,
689 1720 801 1757 cuius
833 1718 928 1757 mihi
960 1720 1118 1770 sanguis
1148 1719 1315 1758 inundet

164 1777 307 1816 Guttur
325 1809 336 1829 ,
369 1783 408 1816 et
438 1776 524 1816 elisi
555 1776 755 1828 trepident
785 1776 858 1815 sub
891 1777 1074 1816 dentibus
1106 1777 1237 1816 artus!

163 1836 288 1882 Quam
319 1835 470 1874 nullum
502 1841 569 1875 aut
599 1835 682 1874 leve
715 1837 766 1874 sit
797 1835 981 1875 damnum
1013 1835 1107 1875 mihi
1138 1836 1238 1875 lucis

1129 1895 1328 1945 ademptae
1343 1891 1382 1934 !'’

165 1952 267 1992 Haec
300 1958 339 1992 et
368 1953 481 2005 plura
513 1954 650 1992 ferox.
689 1964 751 1991 me
782 1953 934 1992 luridus
966 1958 1132 2004 occupat
1162 1953 1303 1991 horror

165 2012 416 2063 Spectantem
449 2012 578 2051 vultus
611 2013 824 2050 etiamnum
856 2011 974 2050 caede
1007 2011 1209 2050 madentes

78 2078 143 2110 200
163 2070 429 2121 Crudelesque
462 2083 599 2109 manus
633 2076 672 2109 et
702 2071 858 2108 inanem
889 2070 1047 2109 lumInis
1079 2069 1238 2122 orbem,

162 2128 414 2180 Membraque
447 2135 486 2168 et
515 2128 686 2167 humano
720 2134 945 2168 concretam
977 2130 1166 2179 sanguine
1199 2127 1382 2167 barbam.

162 2187 266 2226 Mors
292 2194 376 2226 erat
401 2194 491 2226 ante
517 2187 652 2226 oculos
670 2218 681 2239 ,
707 2189 912 2226 minimum
940 2193 1068 2226 tamen
1089 2186 1152 2225 illa
1173 2186 1383 2226 malorum.

163 2245 211 2284 Et
241 2247 318 2284 iam
348 2258 587 2297 prensurum
605 2277 616 2298 ,
647 2247 723 2284 13111
755 2258 859 2284 1111110
892 2258 976 2284 mea
1008 2247 1157 2285 viscera
1188 2245 1300 2284 rebar

164 2304 204 2343 ln
237 2316 307 2343 sua
338 2316 591 2355 mersurum3
623 2306 823 2356 mentique
856 2304 1042 2344 haerebat
1071 2306 1197 2356 imago
