1554 2563
1228 114 1364 149 XXXV

21 236 98 274 quo
129 235 342 262 nervosam
373 225 414 262 et
444 223 687 274 incomptam
712 224 982 262 narrationem
1009 224 1300 274 ampliaverunt
1326 227 1366 263 et

21 282 225 321 diluerunt
260 282 568 331 interpolatores
605 294 653 321 ne
685 282 850 321 Heinsio
889 283 1048 332 quidem
1084 283 1365 322 intercedente.

143 337 226 379 783
261 348 354 387 QUA
385 348 550 380 RAUCA.
612 341 740 379 visum
772 341 846 379 hoc
876 341 1003 380 latere
1035 342 1076 379 in
1101 342 1142 379 M
1168 342 1367 392 scriptura

21 411 105 448 quo.
155 411 264 447 quem
302 411 390 437 cum
427 399 592 449 reliquis
631 400 812 438 omnibus
844 400 889 438 E.
1021 400 1206 439 Aliorum
1238 413 1366 440 emen-

21 458 201 497 dationes
239 458 370 507 recepi
409 459 490 497 381
531 458 704 496 Bentleii
726 459 808 497 763
851 460 1028 498 veterem
1068 460 1199 498 nescio
1243 460 1366 498 cuius.

20 517 63 555 in
93 517 176 554 Erf.
206 516 423 555 notabilem
461 517 594 556 inveni
631 517 963 567 orthographiam
993 518 1154 557 Dissicit
1186 519 1283 568 386,
1321 520 1367 557 ut

20 576 201 625 proximo
252 576 354 614 libro
406 576 461 614 58
513 576 672 626 addicit,
722 575 770 614 de
820 588 897 625 qua
946 576 1107 614 Lachm.
1158 577 1208 615 ad
1250 577 1367 616 Lucr.

21 648 85 684 pp.
114 635 216 684 128,
247 635 341 673 188.
404 634 607 684 desumpsi
645 647 691 673 ex
728 646 773 673 eo
813 634 1003 684 quidquid
1035 647 1058 673 a
1088 635 1129 673 M
1162 636 1294 674 differt
1325 636 1366 674 in

21 706 84 732 vv.
120 695 170 731 17
219 694 271 731 37
325 693 381 731 40
431 694 486 731 46
538 694 592 731 48
646 694 698 732 57
753 694 808 732 60
860 695 913 732 64
961 695 1013 732 66
1048 697 1124 732 tuto
1168 689 1228 745 (M
1272 694 1367 744 quid

21 751 188 801 habeat,
225 763 303 790 non
334 747 488 803 notavi)
540 754 591 790 72
647 753 699 790 74
753 753 805 790 76
840 747 899 804 (Μ
931 747 1068 804 aliter)
1119 754 1173 792 94
1206 749 1265 804 (Μ
1297 748 1366 805 al.)

23 811 104 849 101
139 807 198 861 (M
230 806 298 860 al.)
352 811 432 848 112
488 812 568 849 137
605 805 858 861 (Sardinibus
889 806 948 862 M)
1008 813 1088 850 147
1146 813 1226 850 149
1282 813 1365 850 160

25 870 107 907 164
159 870 239 907 166
275 865 370 921 (τας
394 865 454 919 Μ)
502 870 582 907 175
631 871 712 908 176
762 871 844 908 194
891 871 972 908 218
1023 871 1103 908 261
1152 871 1234 908 265
1283 872 1364 909 273

22 922 175 980 (-lemq‚·
206 924 265 980 M)
312 928 393 965 282
441 929 521 966 291
558 923 710 980 (raptor
735 923 795 979 M)
841 929 926 967 300
959 929 1105 977 tysbeas
1138 930 1220 967 301
1269 930 1367 979 314,

24 987 106 1025 315
141 986 216 1024 hoc
248 985 384 1024 ordine
437 987 519 1024 318
554 981 720 1038 (displic.
752 982 812 1039 M)
864 987 947 1025 343
993 988 1076 1025 401
1113 987 1162 1024 ab
1196 987 1277 1025 acri
1308 982 1368 1039 (in

22 1046 110 1093 ayrz·
140 1040 200 1096 M)
252 1046 333 1082 421
384 1046 481 1094 422,
515 1045 584 1083 sed
616 1046 760 1083 omisso
794 1047 847 1084 est
890 1046 972 1083 426
1020 1047 1104 1083 436
1150 1047 1233 1084 439
1281 1047 1364 1085 449

23 1105 106 1142 456
157 1104 241 1142 458
288 1105 372 1141 464
417 1105 500 1141 469
548 1105 632 1142 493
679 1105 762 1142 507
810 1105 892 1142 562
939 1105 1022 1142 597
1071 1105 1155 1142 610
1202 1106 1283 1142 626
1308 1100 1367 1156 (M

25 1158 94 1214 al.)
143 1163 224 1200 635
273 1163 354 1200 645
403 1163 485 1200 655
534 1163 616 1200 659
651 1157 771 1214 (nunc
801 1157 861 1214 M)
908 1163 991 1201 674
1039 1163 1122 1201 680
1154 1157 1279 1214 (Num
1311 1166 1366 1201 tu-

24 1220 149 1259 lerant
179 1216 239 1272 M)
287 1221 367 1259 687
418 1222 498 1259 695
548 1222 643 1269 739,
675 1221 823 1270 partim
853 1233 925 1270 pro
958 1234 994 1260 v.
1022 1233 1094 1259 scr.
1141 1223 1222 1260 759
1272 1223 1368 1272 769,

23 1279 93 1318 sed
124 1289 283 1329 eperyen
329 1281 411 1317 774
459 1280 539 1318 786
588 1282 683 1318 795.

139 1334 247 1376 LIB.
277 1333 361 1375 XII
398 1351 434 1376 v.
470 1335 521 1376 17
555 1346 868 1377 ABSCONDIDIT
901 1351 1001 1388 mea,
1033 1341 1143 1389 puto,
1175 1339 1367 1378 correctio

22 1396 155 1435 fuerat
193 1396 408 1434 secundum
438 1397 479 1434 M
519 1409 615 1445 quas
653 1398 829 1437 condidit.
980 1394 1035 1436 23
1067 1406 1128 1436 ΕΤ
1161 1405 1367 1437 SUPERAT

23 1463 274 1494 SERPENTIS
320 1462 527 1493 lnAGmE.
589 1456 711 1494 habet
759 1456 801 1494 M
851 1459 884 1495 et
932 1459 1059 1495 servat
1101 1468 1200 1505 serp.
1263 1457 1369 1506 quod

23 1514 242 1564 edideram,
284 1526 364 1552 non
406 1514 594 1563 verebar,
642 1526 691 1552 ne
736 1515 786 1552 ad
834 1515 1006 1563 ineptias
1052 1515 1368 1565 detorqueretur.

23 1573 214 1622 putabam
252 1575 390 1611 notum
422 1575 492 1611 aut
522 1585 544 1611 e
574 1573 710 1611 lexicis
742 1573 825 1622 peti
862 1586 997 1623 posse,
1035 1585 1220 1621 superare
1251 1586 1368 1623 saepe

25 1631 249 1682 significare
293 1642 510 1680 superesse;
555 1632 676 1670 etiam
720 1633 942 1680 permutari
982 1643 1005 1670 a
1043 1632 1182 1670 scribis
1225 1643 1369 1680 supare

25 1702 113 1729 cum
143 1690 290 1728 lineola
328 1693 369 1728 et
406 1701 560 1729 servare
597 1691 770 1728 memini.
833 1691 930 1729 sicui
961 1692 1096 1729 tamen
1128 1690 1368 1742 displiceret,

23 1751 184 1798 poterat
214 1749 434 1798 periclitari
467 1752 500 1787 et
531 1756 693 1788 SERPIT
725 1751 909 1797 serpentis
939 1750 1105 1797 imagine
1130 1761 1278 1788 saxum.

23 1804 109 1846 268
148 1816 196 1845 IN
232 1816 410 1846 LUMINA
449 1816 588 1847 RAMO.
640 1808 746 1846 solus
790 1808 831 1846 M
875 1809 1024 1847 lumina
1066 1808 1198 1847 uultu:
1239 1808 1368 1847 latere

23 1862 152 1916 possit
194 1874 370 1915 VALLO‚
413 1869 459 1904 ut
502 1869 563 1905 est
607 1867 741 1905 Amor.
774 1875 789 1904 1
819 1868 873 1905 14
915 1868 965 1905 15
1011 1867 1157 1905 vallum
1193 1868 1368 1916 pectinis,

22 1925 118 1964 valli
154 1925 259 1974 apud
296 1925 470 1963 Plinium
506 1933 625 1963 xvm
654 1927 749 1964 296.
900 1922 983 1963 327
1023 1933 1245 1963 VELLERE.
1302 1926 1368 1964 tol-

23 1983 100 2022 lere
129 1983 181 2021 M.
323 1980 408 2022 356
441 1991 613 2023 somno
645 1992 911 2023 DIVELLERE
942 1992 1109 2023 DUDUM
1141 1984 1368 2022 ANNOSAM

24 2050 486 2081 FINEM—TEMPTAT.
543 2043 719 2081 divellere
750 2044 863 2081 dumo
890 2043 930 2080 M
962 2045 1003 2081 et
1034 2042 1145 2081 codd.
1176 2042 1368 2093 plerique,

25 2113 48 2138 a
80 2113 158 2150 qua
191 2101 388 2150 scriptura
419 2113 490 2140 nec
521 2101 829 2150 interpolatores
861 2101 980 2151 longe
1013 2100 1216 2139 discedere
1249 2113 1367 2140 ausos

25 2159 172 2198 videas.
233 2160 398 2198 solidum
431 2160 674 2198 substantivi
706 2160 791 2198 loco
823 2160 962 2209 habeo,
994 2162 1041 2197 ut
1071 2159 1180 2198 Fast.
1212 2167 1262 2198 IV
1282 2160 1364 2198 821

23 2217 150 2257 Fossa
174 2219 218 2265 fit
243 2219 293 2257 ad
318 2219 493 2257 solidum.
544 2214 737 2266 ‘dudum‚’
766 2218 870 2268 quod
902 2217 1136 2257 adverbium
1166 2218 1369 2267 praesenti

24 2276 138 2326 iungi
163 2276 277 2327 solet,
310 2272 523 2326 ‘temptat'
550 2277 587 2315 h.
603 2290 635 2315 e.
656 2289 701 2315 eo
727 2277 920 2326 temporis
948 2277 1090 2327 spatio,
1123 2289 1198 2326 quo
1225 2289 1369 2327 gerun-

25 2337 102 2386 tur,
135 2347 235 2385 quae
260 2335 442 2375 versibus
468 2335 602 2374 decem
629 2335 900 2385 superioribus
932 2335 1086 2384 insunt3
1120 2335 1259 2374 deinde
1292 2347 1370 2375 non

1037 2403 1082 2434 c*
