1554 2563
59 94 114 136 68
247 108 312 130 *²113
320 122 328 130 .
354 107 478 129 'rinsmc
610 93 824 128 METAMM
839 119 848 129 .

1108 175 1124 192 ’ρ

176 205 233 243 Ex
265 217 389 255 aequo
422 205 545 255 captis
576 203 767 243 ardebant
798 203 995 243 mentibus
1028 201 1163 244 ambo.
1378 222 1407 235 ν-

177 263 366 302 Conscius
399 264 524 301 omnis
557 262 697 315 abest,
728 268 826 301 nutu
858 265 1058 313 signisque
1091 263 1330 316 loquuntur,

176 322 341 372 Quoque
374 323 495 372 magis
527 323 701 373 tegitur,
732 327 860 360 tectus
893 323 1014 371 magis
1040 329 1190 360 aestuat
1220 323 1342 372 ignis.

113 387 157 419 65
177 380 312 420 Eissus
345 385 429 418 erat
460 382 570 418 tenui
601 381 698 418 rima
717 411 727 431 ,
760 392 875 431 quam
907 380 1072 418 duxerat
1103 381 1194 419 olim

177 438 275 477 Cum
308 439 446 491 fieret',
467 423 606 490 {ffiiries
639 438 770 477 domui
803 440 1021 477 communis
1055 441 1234 489 utrique.

177 497 216 536 ld
253 499 387 536 vitium
418 496 514 535 nulli
545 509 615 548 per
648 496 801 536 saecula
832 497 944 547 longa
979 504 1153 535 notatum
1186 519 1240 524 —

177 555 277 601 Quid
312 567 389 594 non
422 557 542 594 sentit
567 553 715 594 amor?
747 577 802 583 —-
835 558 951 607 primi
984 556 1133 594 vidistis
1166 561 1364 609 amantes,

176 613 224 652 Et
258 615 361 652 vocis
393 614 541 652 fecistis
573 615 671 666 iter3
703 619 889 665 tutaeque
922 627 992 665 per
1025 615 1118 652 illud

113 681 157 712 70
176 672 378 711 Murmure
410 672 619 726 blapditiae
651 673 810 711 minimo
844 676 1011 711 transire
1045 672 1244 712 solebant.

178 731 300 782 Saepe
320 762 331 784 ‚
362 730 429 769 ubi
449 732 706 770 constiterant
725 762 735 783 ,
762 731 852 769 hinc
873 731 1039 782 Thisbe,
1064 732 1250 782 Pyramus
1270 731 1400 786 illinc,

175 790 297 841 Inque
329 790 434 828 vices
466 790 593 828 fuerat
624 795 800 840 captatus
833 790 1026 828 anhelitus
1059 793 1138 828 oris
1152 804 1206 843 s*

177 845 356 887 “Invide’
389 847 571 886 dicebant
602 845 775 901 ‘paries,
807 849 898 899 quid
932 849 1150 887 amantibus
1183 845 1352 887 obstas?

176 906 374 959 Quum
407 912 519 958 erat,
551 912 595 945 ut
626 908 777 945 sineres
810 912 890 945 toto
924 919 1013 964 nos,
1027 920 1192 958 corpore
1225 909 1356 959 iungi,

113 973 156 1004 75
176 966 252 1004 Aut
283 964 357 1003 hoc
389 965 421 1003 si
454 966 646 1017 nimium,
678 965 737 1003 vel
763 965 810 1003 ad
837 965 969 1004 oscula
983 966 1125 1011 {danda
1160 965 1337 1016 pateres!

175 1024 255 1062 Nec
287 1035 424 1062 sumus
455 1024 626 1074 ingrati:
658 1023 728 1062 tibi
761 1036 831 1062 nos
864 1024 1007 1062 debere
1042 1027 1232 1076 fatemur,

176 1082 287 1128 Quod
321 1082 434 1120 datus
465 1088 524 1120 est
556 1081 684 1120 verbis
716 1082 760 1120 ad
794 1084 936 1121 amicas
970 1085 1157 1121 transitus
1185 1095 1299 1121 aures
1314 1079 1354 1121 .’'

175 1141 279 1179 Talia
312 1140 463 1179 diversa
496 1142 731 1191 nequiquam
764 1140 854 1179 sede
884 1142 1002 1179 locuti
1244 1167 1316 1180 -κ

176 1199 256 1238 Sub
288 1205 444 1237 noctem
476 1198 609 1237 dixere
642 1199 723 1237 vale
742 1231 753 1251 ‚
774 1186 963 1250 (partique
998 1200 1142 1238 dedere

109 1266 155 1298 80
176 1257 317 1297 Oscula
344 1259 509 1308 quisque
542 1269 634 1296 suae
668 1270 745 1296 non
777 1260 1042 1309 pervenientia
1076 1265 1234 1297 contra.

174 1316 335 1355 Postera
367 1322 581 1354 nocturnos
613 1328 752 1354 aurora
778 1324 997 1355 removerat
1028 1319 1161 1369 ignes,

176 1375 320 1426 Solque
352 1376 557 1426 pruinosas
589 1375 707 1412 radiis
739 1376 952 1413 siccaverat
985 1375 1148 1414 herbas:

148 1433 230 1472 “Ad
262 1433 420 1472 solitum
452 1435 582 1473 coiere
612 1433 742 1471 locum
762 1463 771 1472 .
810 1440 893 1472 tum
925 1446 1126 1472 murmure
1160 1445 1277 1484 parvo

174 1492 293 1530 Multa
323 1493 434 1543 prius
466 1492 624 1543 questi,
657 1498 862 1544 statuunt,
893 1498 938 1531 ut
971 1500 1083 1530 nocte
1117 1492 1248 1537 silenti

111 1558 154 1590 85
175 1550 323 1589 Fallere
356 1549 540 1588 custodes
571 1549 800 1601 foribusque
833 1550 1023 1589 excedere
1057 1556 1271 1603 temptent,

175 1609 351 1660 Cumque
371 1608 485 1647 domo
505 1610 696 1661 exierint,
722 1609 831 1647 urbis
853 1621 1008 1659 quoque
1029 1616 1130 1647 tecta
1152 1609 1395 1662 relinquant3

174 1667 277 1706 Neve
310 1667 360 1706 sit
391 1667 1147 1720 &randQnQijatiaiitibuQsW-aslyo,

174 1726 415 1765 Conveniant
445 1725 491 1763 ad
524 1725 638 1764 busta
670 1725 759 1764 Nini
777 1710 1042 1778 ‚Fateantque
1075 1726 1147 1764 sub
1181 1725 1318 1765 umbra

175 1783 335 1823 Arboris
356 1814 364 1822 .
401 1782 518 1822 arbor
548 1783 602 1822 ibi
634 1785 756 1822 niveis
788 1780 984 1822 uberrima
1018 1787 1142 1835 pomis

110 1851 155 1882 90
175 1842 303 1881 Ardua
335 1853 469 1880 morus
501 1847 613 1894 erat,
645 1842 771 1892 gelido
804 1842 1047 1887 contermina
1081 1844 1201 1883 sonti.
1343 1844 1392 1872 U
1414 1838 1438 1861 :··

174 1901 289 1940 Pacta
322 1900 504 1952 placent,
537 1906 576 1938 et
606 1899 671 1938 lux
704 1900 813 1939 tarde
846 1897 1048 1939 discedere
1082 1904 1160 1940 visa
1194 1907 1275 1941 est.

176 1959 478 2010 [Praecipitatur
510 1960 621 2009 aquis
641 1990 651 2010 ,
683 1965 722 1997 et
753 1961 863 2009 aquis
896 1972 969 1998 nox
997 1962 1075 1998 exit
1107 1960 1153 1997 ab
1186 1960 1310 1998 isdem
1325 1958 1351 2010 .]

151 2018 317 2068 f'CQlida
349 2029 419 2068 per
451 2017 633 2056 tenebras
661 2024 811 2056 versato
838 2018 995 2055 cardine
1027 2018 1172 2056 Thisbe
1395 2024 1428 2063 T?

174 2076 385 2127 Egreditur
417 2076 590 2126 fallitque
623 2088 744 2128 suos,
775 2076 1038 2127 adopertaque
1072 2077 1219 2115 vultum
1315 2072 1318 2075 ’

111 2142 155 2174 95
175 2135 358 2174 Pervenit
390 2134 435 2172 ad
469 2134 691 2186 tumulum,
723 2134 903 2185 dictaque
935 2134 1008 2172 sub
1041 2135 1179 2173 arbore
1212 2134 1334 2174 sedit.

175 2193 370 2232 Audacem
402 2192 567 2231 faciebat
598 2204 706 2230 amor
725 2223 734 2232 .
771 2195 877 2231 venit
908 2204 998 2231 ecce
1033 2195 1182 2231 recenti

134 2258 144 2299 1,
175 2252 300 2290 Caede
332 2251 465 2289 leaena
496 2250 615 2289 boum
648 2257 873 2302 spumantes
890 2250 1021 2304 Qita
1054 2253 1199 2304 rictus,
1382 2279 1400 2316 7

144 2314 146 2325 ¹
176 2309 407 2360 Depositum
439 2310 544 2348 sitim
575 2311 691 2348 vicini
724 2311 841 2348 sontis
871 2311 912 2348 in
945 2310 1069 2347 unda.

1327 1481 1340 1509 ἲ
