1554 2563
500 87 607 133 ΧΠΙ,
635 92 842 124 381—452.
983 101 1119 124 ascum
1257 87 1341 130 267

119 195 243 248 Saepe
275 197 407 236 videre
439 203 590 249 patrem
622 205 882 237 monstratum
914 210 934 237 a
965 205 1088 238 matre
1122 197 1271 237 solebat
1283 196 1311 249 .]

118 255 276 306 Iamque
308 258 408 295 viam
440 256 578 295 suadet
608 255 747 295 boreas
766 288 777 309 ,
807 257 979 308 flatuque
1012 257 1185 296 secundo

119 313 286 353 Carbasa
318 320 423 362 mota
455 322 624 367 sonant3
657 314 766 354 iubet
797 317 855 355 uti
886 317 1013 355 navita
1045 317 1194 355 ventis,

30 381 99 412 420
120 369 252 412 ‘Troia
270 404 280 426 ,
312 372 423 412 vale!
456 370 646 425 rapimur'
678 373 874 427 clamant,
915 374 1008 413 dant
1048 374 1180 413 oscula
1213 379 1340 414 terrae

117 431 320 485 Troades,
353 438 391 471 et
422 434 569 483 patriae
602 433 790 471 fumantia
822 438 924 472 tecta
956 433 1205 484 relinquunt.

118 489 261 529 Ultima
293 490 522 530 conscendit
554 490 746 544 classem,
778 491 1000 531 miserabile
1032 493 1142 544 visu,

118 548 162 587 In
194 549 333 588 mediis
365 548 524 588 Hecuba
556 556 616 588 est
648 556 827 589 natorum
859 552 1015 590 inventa
1047 550 1289 602 sepulchris:

117 607 375 646 Prensantem
406 608 578 648 tumulos
611 615 726 659 atque
760 609 914 648 ossibus
946 609 1078 648 oscula
1110 609 1266 648 dantem

29 673 97 704 425
118 665 317 705 Dulichiae
348 672 503 706 traxere
536 679 704 706 manus.
743 674 873 706 tamen
905 669 1023 707 unius
1054 667 1207 719 hausit,

118 724 240 776 Inque
273 727 360 764 sinu
394 727 548 764 cineres
580 738 715 765 secum
747 726 836 765 tulit
867 726 1048 765 Hectoris
1080 726 1264 765 haustos:

118 783 298 823 Hectoris
330 785 370 822 in
402 784 552 824 tumulo
586 796 726 824 canum
758 785 805 823 de
838 786 983 824 vertice
1017 786 1190 837 crinem,

119 841 282 881 Inferias
314 844 481 896 inopes,
513 845 661 882 crinem
694 843 951 895 lacrimasque
984 843 1165 894 reliquit.

177 900 276 953 Est,
308 900 375 940 ubi
407 901 524 940 Troia
555 902 630 941 fuit
648 933 658 955 ,
690 901 879 954 Phrygiae
913 904 1108 941 contraria
1139 901 1254 941 tellus

29 967 99 999 430
118 959 305 999 Bistoniis
337 959 508 999 habitata
539 961 662 999 viris.
700 960 980 1012 Polymestoris
1010 960 1089 1000 illic

118 1018 238 1070 Regia
270 1018 376 1057 dives
409 1025 522 1072 erat,
554 1020 618 1058 cui
650 1025 687 1058 te
721 1021 915 1058 commisit
947 1019 1129 1058 alendum

120 1077 249 1129 Clam,
276 1077 466 1129 Polydore
478 1109 489 1130 ,
515 1084 649 1130 pater,
674 1077 931 1129 Phrygiisque
952 1079 1117 1116 removit
1136 1077 1182 1116 ab
1203 1078 1344 1129 armis3

119 1135 334 1175 Consilium
367 1138 522 1187 sapiens
541 1168 551 1188 ,
583 1136 743 1175 sceleris
776 1138 851 1175 nisi
881 1138 1052 1188 praemia
1085 1147 1243 1186 magnas

118 1194 335 1234 Adiecisset
366 1207 489 1247 opes,
521 1196 639 1233 animi
670 1197 872 1234 irritamen
905 1197 1036 1234 avari.

31 1261 98 1293 435
119 1252 170 1292 Ut
200 1253 342 1292 cecidit
373 1254 529 1292 fortuna
560 1253 758 1305 Phrygum
778 1286 788 1306 ,
821 1255 923 1305 capit
954 1255 1098 1305 impius
1130 1265 1266 1292 ensem

120 1311 202 1350 Rex
233 1311 458 1363 Thracum,
490 1312 703 1363 iuguloque
736 1314 796 1351 sui
829 1312 984 1351 demisit
1016 1312 1184 1364 alumni3

120 1370 170 1409 Et
200 1376 397 1421 tamquam
428 1370 511 1409 tolli
543 1383 633 1409 cum
665 1383 830 1422 corpore
863 1372 1027 1409 crimina
1058 1376 1243 1422 possent,

119 1429 348 1468 Exanimem
380 1428 540 1480 scopulo
573 1428 768 1468 subiectas
802 1431 907 1468 misit
936 1431 977 1467 in
1009 1428 1155 1467 undas.

120 1487 252 1526 Litore
285 1487 468 1526 Threicio
501 1487 666 1526 classem
698 1487 881 1538 religarat
911 1487 1090 1539 Atrides,

32 1554 101 1587 440
122 1546 221 1585 Dum
254 1558 360 1585 mare
392 1551 572 1598 pacatum
591 1578 602 1598 ,
634 1545 726 1585 dum
758 1552 897 1585 ventus
929 1547 1089 1584 amicior
1122 1551 1248 1586 esset.

120 1605 193 1644 Ilic
226 1604 384 1657 subito,
418 1609 587 1656 quantus
619 1616 709 1643 cum
740 1605 888 1643 viveret
919 1616 1005 1643 esse
1038 1603 1210 1657 solebat,

120 1663 211 1702 Exit
240 1663 359 1702 humo
390 1662 466 1702 late
499 1670 613 1714 rupta
633 1695 643 1715 ,
676 1662 890 1714 similisque
922 1664 1086 1702 minanti

121 1721 328 1774 Temporis
358 1721 463 1761 illius
495 1721 645 1761 vultum
677 1720 874 1760 referebat
903 1721 1097 1774 Achilles,

122 1780 208 1827 Quo
240 1781 349 1819 ferus
379 1782 525 1819 iniusto
558 1781 672 1831 petiit
702 1780 988 1831 Agamemnona
1021 1780 1150 1819 ferro:

34 1847 103 1879 445
123 1836 396 1878 ‘Inmemores'
428 1851 504 1890 que
537 1836 628 1877 ‘mei
661 1835 876 1877 disceditis'
907 1840 1035 1890 inquit
1068 1835 1252 1878 ‘AchiviP

124 1897 353 1949 Obrutaque
387 1903 447 1936 est
477 1909 632 1936 mecum
664 1898 819 1936 virtutis
852 1898 976 1948 gratia
1007 1894 1199 1936 nostrae?

122 1956 179 1995 Ne
211 1955 356 1996 facite!
389 1962 510 2007 utque
544 1967 675 1994 meum
706 1967 785 1994 non
817 1956 868 1994 sit
899 1957 983 1994 sine
1014 1955 1163 1994 honore

1069 2013 1345 2066 sepulchrum,

123 2074 254 2113 Placet
285 2073 478 2113 Achilleos
511 2079 675 2112 mactata
706 2071 901 2123 Polyxena
931 2084 1065 2111 manes
1080 2068 1105 2110 ,²

124 2132 255 2172 Dixit:
288 2137 355 2184 et,
386 2133 514 2170 inmiti
545 2133 661 2170 sociis
693 2130 922 2182 parentibus
954 2130 1139 2183 umbrae,

34 2198 103 2231 450
124 2191 247 2242 Rapta
278 2192 366 2229 sinu
398 2191 533 2229 matris
551 2222 562 2242 ,
595 2201 711 2240 quam
741 2191 818 2228 iam
849 2201 971 2241 prope
1004 2188 1084 2228 sola
1116 2188 1293 2243 fovebat,

123 2249 251 2289 Fortis
283 2254 323 2288 et
353 2248 487 2288 infelix
520 2253 559 2287 et
589 2248 676 2300 plus
709 2260 825 2299 quam
857 2249 1000 2287 femina
1031 2249 1139 2299 virgo

123 2307 288 2347 Ducitur
315 2307 361 2347 ad
393 2306 617 2360 tumulum,
649 2306 814 2358 diroque
846 2307 888 2346 fit
918 2306 1046 2346 hostia
1076 2305 1216 2346 busto.
