1554 2563
593 121 610 155 I
623 149 633 166 ‚
659 120 833 164 ‘zu-11,
859 125 905 156 60
918 148 925 156 .
1059 131 1243 155 ran-:mou
1376 117 1432 160 23

213 232 257 272 In
288 231 385 271 solio
415 231 599 271 Phoebus
631 230 746 270 claris
777 230 933 270 lucente
966 228 1203 281 smaragdis.

154 299 197 331 25
216 292 247 330 A
273 291 409 330 dextra
438 290 623 341 laevaque
654 289 745 328 Dies
777 295 817 328 et
846 288 992 328 Mensis
1024 294 1064 327 et
1093 289 1228 327 Annus

216 349 456 401 Saeculaque
489 355 529 388 et
558 349 708 400 positae
733 349 868 400 spatiis
900 346 1127 398 aequalibus
1158 345 1286 386 Horae

213 408 367 459 Verque
398 419 542 447 novum
574 405 701 446 stabat
731 407 904 446 cinctum
936 405 1100 444 florente
1132 416 1297 457 corona,

215 466 350 506 Stabat
379 466 483 505 nuda
513 466 650 504 Aestas
682 470 721 504 et
752 466 882 517 spicea
913 470 1019 503 serta
1050 463 1233 515 gerebat,

215 524 351 565 Stabat
382 530 421 564 et
451 525 673 564 Autumnus
705 523 862 563 calcatis
894 522 1076 562 sordidus
1107 524 1193 561 uvis

154 593 195 624 30
214 583 264 623 Et
294 583 464 635 glacialis
495 582 630 622 Hiems
662 594 779 622 canos
811 582 961 622 hirsuta
993 581 1174 633 capillos.

215 642 308 681 Inde
340 642 426 681 loco
457 641 610 681 medius
642 653 776 681 rerum
808 642 977 680 novitate
1008 645 1215 692 paventem

217 700 283 740 Sol
313 701 436 740 oculis
468 702 679 752 iuvenem,
711 699 854 751 quibus
886 700 1025 751 aspicit
1055 700 1214 752 omnia,
1245 697 1364 749 vidit,

218 756 355 804 ‘Quae'
377 771 452 811 que
473 756 571 798 eviae
591 758 663 798 tibi
683 770 798 797 causa
818 756 840 797 P
860 759 952 810 quid
973 755 1059 797 hac'
1080 759 1133 797 ait
1153 754 1258 796 ‘arce
1277 756 1435 809 petisti,

215 817 429 870 Progenies
448 849 460 872 ‚
490 817 692 857 Phaethon
711 849 722 870 ,
754 817 859 857 haud
889 816 1089 856 infitianda
1118 816 1274 868 parenti
1292 812 1328 854 ’θ’

153 876 284 916 351'lle
304 877 428 916 refert
459 874 496 915 eo
523 876 588 915 lux
619 878 788 915 inmensi
819 875 975 927 publica
1006 874 1166 928 mundi,

216 934 372 974 Phoebe
397 941 509 987 pater
527 966 538 988 ‚
569 937 603 974 si
634 935 702 974 das
732 935 850 974 huius
881 934 976 973 mihi
1007 935 1176 973 nominis
1208 944 1348 984 usum,

216 993 297 1033 Nec
323 994 417 1033 falsa
449 993 632 1046 Clymene
664 993 817 1045 culpam
848 992 922 1032 sub
954 994 1120 1044 imagine
1154 991 1277 1031 celat:

216 1052 384 1104 Pignera
416 1052 463 1092 da
481 1084 493 1106 ‚
524 1054 678 1104 genitor
696 1083 708 1104 ‚
738 1064 810 1104 per
843 1063 942 1103 quae
974 1058 1040 1090 tua
1071 1062 1162 1090 vera
1193 1061 1365 1102 propago

217 1111 364 1150 Credar
381 1143 392 1164 ,
418 1117 458 1150 et
482 1111 588 1150 hunc
620 1112 758 1150 animis
790 1122 966 1149 errorem
993 1109 1154 1149 detrahe
1186 1109 1332 1147 nostris
1347 1104 1371 1146 .'

155 1179 199 1209 40
221 1169 405 1209 Dixerat.
444 1176 482 1209 at
513 1171 668 1221 genitor
700 1171 850 1208 circum
882 1174 999 1221 caput
1030 1180 1144 1208 omne
1177 1168 1367 1206 micantes

218 1228 407 1280 Deposuit
438 1229 598 1281 radios,
628 1230 870 1280 propiusque
904 1227 1091 1267 accedere
1123 1228 1262 1278 iussit,

217 1287 484 1339 Amplexuque
517 1287 606 1326 dato
639 1284 727 1326 ‘nec
758 1292 801 1326 tu
833 1299 943 1326 meus
975 1298 1061 1325 esse
1093 1286 1229 1337 negari

219 1346 366 1397 Dignus
398 1358 440 1385 es
459 1378 471 1398 ‚
503 1352 542 1385 et
573 1345 755 1397 Clymene
788 1342 918 1384 veros’
949 1347 1003 1385 ait
1035 1342 1172 1384 ‘edidit
1203 1349 1336 1383 ortus.

219 1404 382 1456 Quoque
409 1406 539 1444 minus
565 1404 720 1444 dubites
738 1436 749 1456 ‚
781 1404 943 1455 quodvis
962 1409 1052 1456 pete
1077 1414 1221 1442 munus
1240 1434 1251 1454 ‚
1282 1409 1325 1441 ut
1345 1400 1439 1440 illud

155 1472 197 1502 45
218 1463 278 1502 Me
309 1462 507 1502 tribuente
539 1464 642 1502 seras
662 1494 671 1502 .
708 1464 912 1514 promissis
944 1464 1056 1502 testis
1088 1461 1221 1501 adesto

221 1521 285 1560 Dis
316 1521 480 1560 iuranda
504 1522 615 1573 palus
634 1553 645 1573 ,
676 1521 800 1560 oculis
831 1523 1029 1572 incognita
1060 1521 1206 1559 nostris
1221 1516 1245 1558 .'

222 1579 291 1618 Vix
322 1579 422 1619 bene
455 1580 654 1631 desierat,
686 1591 828 1619 currus
860 1585 971 1630 rogat
1001 1578 1065 1617 ille
1095 1584 1282 1630 paternos

221 1638 341 1689 Inque
374 1638 477 1677 diem
508 1638 702 1690 alipedum
733 1640 795 1677 ius
828 1645 866 1677 et
897 1637 1147 1677 moderamen
1179 1648 1392 1687 equorum.

220 1697 415 1736 Paenituit
438 1699 589 1736 iurasse
621 1702 800 1749 patrem.
839 1698 907 1747 qui
938 1703 1077 1747 terque
1110 1701 1326 1747 quaterque

157 1765 200 1796 50
221 1755 458 1795 Concutiens
488 1756 642 1795 illustre
676 1761 793 1807 caput
817 1751 1055 1794 ‘temeraria’
1087 1754 1184 1793 dixit

222 1812 317 1853 ‘Vox
348 1826 435 1853 mea
466 1815 566 1854 sacta
596 1821 662 1854 tua
695 1820 782 1853 est.
820 1815 970 1853 utinam
1000 1814 1193 1865 promissa
1223 1812 1360 1852 liceret

221 1872 307 1912 Non
327 1872 419 1912 dare
439 1872 448 1912 1
481 1874 671 1912 confiteor
688 1905 700 1926 ,
731 1872 857 1911 solum
877 1872 951 1911 hoc
970 1871 1042 1911 tibi
1059 1904 1071 1925 ,
1090 1877 1178 1911 nate
1197 1903 1209 1923 ,
1233 1882 1442 1922 negarem.

221 1931 454 1971 Dissuadere
485 1931 578 1971 licet
597 1963 606 1971 .
643 1943 722 1970 non
754 1937 814 1970 est
844 1937 910 1970 tua
940 1936 1024 1970 tuta
1055 1930 1257 1969 voluntas.

222 1990 359 2042 Magna
382 1992 513 2042 petis,
543 1989 744 2029 Phaethon
763 2022 774 2042 ‚
806 1996 845 2028 et
876 2001 974 2040 quae
1006 2001 1079 2028 nec
1109 1988 1258 2027 viribus
1289 1989 1375 2027 istis

160 2059 202 2090 55
222 2048 384 2088 Munera
415 2050 647 2089 conveniant
678 2060 751 2087 nec
781 2054 860 2088 tam
890 2046 1107 2100 pueril'1bus
1133 2048 1267 2086 annis.

226 2107 320 2146 Sors
350 2115 418 2147 tua
448 2107 651 2147 mortalis.
690 2119 768 2146 non
801 2113 862 2146 est
892 2105 1055 2145 mortale
1087 2105 1191 2157 quod
1223 2110 1352 2157 optas.

224 2166 318 2206 Plus
350 2168 497 2220 etiam,
528 2178 644 2218 quam
677 2165 780 2217 quod
819 2167 973 2217 superis
1006 2166 1234 2215 contingere
1271 2164 1328 2202 sas
1360 2169 1444 2215 est,

224 2224 389 2265 Nescius
421 2226 578 2264 affectas
597 2256 606 2264 .
644 2225 794 2276 placeat
825 2223 899 2262 sibi
931 2224 1098 2275 quisque
1130 2220 1291 2275 licebit,

225 2283 311 2323 Non
341 2290 472 2323 tamen
501 2284 667 2335 ignifero
700 2284 907 2334 quisquam
937 2283 1152 2321 consistere
1182 2282 1224 2320 in
1255 2292 1325 2320 axe

163 2353 205 2382 60
226 2341 285 2381 Me
317 2341 417 2382 valet
448 2348 640 2393 excepto.
678 2342 776 2381 vasti
807 2352 962 2392 quoque
994 2346 1125 2381 rector
1157 2338 1333 2392 Olympi,
