1554 2563
610 113 639 146 V
655 139 664 157 e
691 115 875 148 503—576
888 140 896 148 .
1053 124 1193 147 nni-:Nee
1344 111 1426 152 103

118 230 188 264 540
205 223 313 263 Inter
344 223 554 263 Avernales
585 222 686 262 haud
718 223 959 273 ignotissima
993 221 1204 274 nymphas,

205 282 262 321 Ex
294 282 514 322 Acheronte
547 294 617 321 suo
650 281 755 320 silvis
787 282 987 332 peperisse
1020 279 1092 319 sub
1125 282 1244 332 atris;

206 340 338 393 Vidit,
370 346 410 380 et
440 341 584 380 indicio
617 340 787 379 reditum
819 339 988 378 crudelis
1021 339 1186 378 ademit.

206 399 400 450 Ingemuit
430 401 563 451 regina
595 398 741 450 Erebi,
774 403 995 448 testemque
1027 398 1228 448 profanam

207 457 315 497 Fecit
346 469 454 496 avem
472 489 484 510 ‚
516 469 774 509 sparsumque
795 463 911 507 caput
931 455 1255 506 Phlegethontide
1275 456 1426 508 lympha

119 516 249 555 5451n
281 521 455 555 rostrum
488 522 527 555 et
557 515 708 568 plumas
741 521 780 554 et
811 515 969 566 grandia
990 515 1134 553 lumina
1155 516 1292 554 vertit.
1330 523 1359 549 t.
1379 523 1427 549 lx.

207 574 273 613 Ille
306 574 379 614 sibi
411 574 561 614 ablatus
594 574 708 613 fulvis
741 575 922 612 amicitur
952 575 992 612 in
1025 574 1117 625 alis,

208 633 329 684 Inque
363 640 480 684 caput
511 634 682 684 crescit,
714 633 930 683 longosque
962 632 1180 670 reflectitur
1213 644 1387 685 ungueS,

208 691 356 742 Vixque
389 697 518 731 movet
543 698 651 730 natas
682 703 754 743 per
785 692 925 730 inertia
957 690 1137 729 brac-chia
1170 702 1341 742 pennas:

209 749 415 801 Foedaque
447 751 491 788 fit
523 750 690 789 volucris
709 782 720 802 ‚
751 751 907 788 venturi
939 750 1075 788 nuntia
1108 749 1260 801 luctus,

120 809 372 859 5501gnavus
405 808 538 861 bubo,
570 809 700 847 dirum
731 807 960 848 mortalibus
992 820 1129 847 omen.

267 866 338 906 Hic
370 873 499 906 tamen
531 867 674 906 indicio
707 878 872 918 poenam
903 867 1112 917 linguaque
1144 866 1267 905 videri

209 925 498 965 Commeruisse
530 932 686 977 potest.
726 926 833 964 vobis
852 957 863 978 ‚
895 925 1153 977 Acheloides,
1185 925 1288 963 unde
1323 934 1351 960 t.
1370 934 1413 959 Μ

209 984 344 1023 Pluma
374 984 572 1036 pedesque
605 986 730 1023 avium
751 1016 762 1036 ‚
793 995 883 1022 cum
914 985 1075 1034 virginis
1108 995 1173 1022 ora
1206 982 1384 1034 geratis?

210 1044 266 1082 An
300 1044 419 1095 quia,
451 1055 539 1082 cum
572 1042 720 1094 legeret
751 1054 891 1081 vernos
923 1041 1160 1093 Proserpina
1191 1041 1332 1095 flores,

121 1108 189 1140 555
210 1101 252 1140 ln
285 1103 470 1140 comitum
502 1114 696 1154 numero,
729 1102 864 1140 doctae
898 1100 1056 1139 Sirenes
1075 1132 1086 1153 ‚
1119 1097 1272 1139 eratis?

211 1160 334 1205 Quam
365 1166 572 1212 postquam
605 1166 684 1199 toto
718 1160 862 1198 frustra
896 1160 1102 1210 quaesistis
1134 1160 1174 1197 in
1206 1158 1325 1210 orbe,

210 1219 396 1258 Protinus
427 1224 472 1258 ut
502 1225 671 1257 vestram
704 1220 896 1257 sentirent
926 1229 1096 1269 aequora
1129 1229 1285 1269 curam,

211 1277 331 1316 Posse
363 1289 483 1329 super
513 1277 656 1316 fluctus
689 1276 837 1316 alarum
868 1277 1051 1315 insistere
1084 1277 1203 1315 remis

212 1335 385 1387 optastis
403 1367 415 1388 ‚
446 1335 657 1387 facilesque
690 1335 784 1375 deos
814 1333 1006 1374 habuistis
1024 1365 1035 1387 ,
1067 1340 1106 1373 et
1137 1341 1246 1373 artus

123 1400 192 1433 560
211 1393 370 1433 Vidistis
401 1401 553 1433 vestros
579 1393 719 1434 subitis
750 1393 960 1433 flavescere
992 1394 1154 1444 pennis.

212 1452 268 1491 Ne
300 1459 430 1492 tamen
460 1452 525 1492 ille
558 1464 676 1492 canor
708 1452 933 1491 mulcendas
965 1457 1079 1490 natus
1111 1451 1157 1490 ad
1190 1462 1304 1490 aures

213 1510 414 1562 Tantaque
447 1511 517 1550 dos
549 1512 629 1550 oris
661 1511 815 1562 linguae
847 1509 1082 1562 deperderet
1113 1522 1253 1561 usum,

214 1568 385 1621 Virginei
418 1569 548 1608 vultus
580 1575 620 1608 et
649 1581 722 1607 vox
754 1569 921 1607 humana
952 1569 1162 1607 remansit.

272 1629 322 1667 At
352 1627 504 1667 medius
536 1628 747 1678 fratrisque
780 1628 850 1666 suix
872 1632 1120 1677 maestaeque
1153 1627 1300 1665 sororis

126 1693 193 1726 565
214 1687 389 1738 luppiter
421 1698 468 1725 ex
500 1697 624 1737 aequo
657 1685 875 1724 volventem
907 1684 1042 1724 dividit
1073 1696 1241 1724 annum:

214 1745 327 1784 Nunc
359 1745 459 1797 dea,
490 1756 703 1796 regnorum
734 1756 879 1783 numen
912 1755 1118 1782 commune
1151 1743 1342 1794 duorum,

216 1804 312 1843 Cum
332 1809 455 1843 matre
477 1809 537 1842 est
556 1802 718 1842 totidem
737 1834 747 1854 ‚
780 1802 942 1841 totidem
963 1813 1053 1841 cum
1072 1803 1237 1852 coniuge
1257 1813 1412 1840 menses
1429 1834 1432 1839 .

215 1861 389 1901 Vertitur
421 1861 614 1913 extemplo
647 1862 765 1900 facies
798 1868 837 1900 et
868 1862 1010 1899 mentis
1041 1866 1080 1899 et
1111 1862 1214 1912 oris3

215 1920 312 1959 Nam
343 1920 458 1959 modo
490 1932 589 1972 quae
621 1925 774 1971 poterat
806 1918 882 1958 Diti
921 1930 1076 1970 quoque
1114 1924 1260 1957 maesta
1291 1916 1435 1967 videri,

129 1985 197 2017 570
217 1978 333 2018 Laeta
365 1978 459 2018 deae
492 1979 601 2017 frons
633 1985 694 2017 est
713 2009 724 2030 ,
754 1984 798 2017 ut
829 1977 886 2016 sol
911 2008 922 2029 ,
954 1979 1021 2028 qui
1051 1982 1181 2016 tectus
1213 1976 1369 2027 aquosis

216 2036 395 2076 Nubibus
427 2043 515 2076 ante
549 2038 624 2076 fuit
642 2068 652 2088 ‚
684 2038 796 2075 victis
828 2048 848 2074 e
880 2035 1051 2074 nubibus
1084 2036 1185 2074 exit.

275 2094 405 2146 Exigit
436 2095 535 2134 alma
567 2095 686 2134 Ceres
705 2125 716 2147 ,
748 2100 837 2133 nata
869 2105 1008 2133 secura
1039 2098 1221 2144 recepta,

219 2154 324 2199 Quae
345 2153 416 2192 tibi
437 2165 552 2193 causa
573 2155 686 2205 fugae
706 2184 717 2205 ,
749 2164 819 2191 cur
852 2153 905 2190 sis
919 2184 930 2204 ,
949 2151 1143 2190 Arethusa
1156 2182 1167 2204 ‚
1188 2162 1298 2190 sacer
1318 2151 1404 2189 fons
1418 2148 1438 2188 ‘F‘

219 2211 455 2251 Conticuere
488 2212 614 2251 undae
633 2243 644 2263 ,
676 2222 844 2262 quarum
877 2210 948 2249 dea
980 2209 1140 2249 sustulit
1170 2208 1245 2248 alto

130 2276 197 2308 575
218 2269 341 2309 Fonte
372 2276 517 2322 caput,
550 2269 771 2320 viridesque
804 2280 920 2307 manu
953 2269 1096 2307 siccata
1127 2267 1285 2320 capfllos

218 2327 408 2367 Fluminis
438 2327 522 2367 Elei
556 2334 707 2367 veteres
740 2328 911 2366 narravit
942 2338 1116 2366 amores.
