1554 2563
600 106 652 141 111
667 134 675 151 ,
701 109 887 142 435—506
902 133 910 143 .
1049 119 1233 141 NARcmsus
1368 105 1424 147 59

113 223 182 256 470
201 215 332 268 Longa
364 227 472 255 meae
505 222 721 269 superant,
752 217 958 268 primoque
991 218 1198 267 extinguor
1236 217 1276 255 in
1309 227 1423 254 aem.

199 274 280 313 Nec
312 274 407 313 mihi
438 286 544 313 mors
576 276 704 326 gravis
744 281 804 314 est
821 306 832 327 ,
863 276 1041 326 posituro
1080 280 1207 313 morte
1246 273 1424 313 dolores:

200 333 272 372 Hic
291 364 302 385 ,
334 334 401 384 qui
431 332 635 386 diligitur,
666 332 805 372 vellem
837 332 1062 372 diuturnior
1093 339 1219 372 esset.

200 391 313 430 Nunc
344 391 422 431 duo
454 392 670 431 concordes
702 393 830 430 anima
861 393 1076 431 moriemur
1107 394 1147 430 in
1180 387 1296 430 una.'

200 450 334 503 Dixit,
366 455 405 489 et
436 449 483 489 ad
515 452 688 502 speciem
718 450 837 489 rediit
867 450 967 488 male
999 462 1117 489 sanus
1150 450 1337 502 eandem,

112 516 180 548 475
200 508 251 547 Et
281 509 452 547 lacrimis
477 508 651 548 turbavit
681 521 831 561 aquas,
863 508 1110 560 obscuraque
1143 514 1248 547 moto

199 567 365 606 Reddita
397 568 522 606 forma
552 568 639 607 lacu
671 573 759 606 est.
804 579 921 619 quam
953 579 1043 606 cum
1073 567 1235 606 vidisset
1266 566 1397 619 abire,

203 622 304 671 ‘Quo
331 626 480 677 refugis
499 623 521 664 *Ρ
551 638 710 665 remane
729 658 740 678 ,
771 638 845 665 nec
876 638 939 665 me
958 658 969 678 ,
1001 626 1172 665 crudelis
1190 657 1201 678 ,
1233 630 1426 665 amantem

200 683 346 723 Desere
367 681 392 723 !'
425 684 603 724 clamavit
635 683 766 724 ‘liceat
798 685 902 736 quod
934 690 1094 736 tangere
1127 697 1206 723 non
1238 689 1320 737 est,

201 743 388 794 Aspicere
421 749 461 782 et
491 745 635 782 misero
666 743 856 795 praebere
889 743 1072 782 alimenta
1103 743 1229 782 furori
1244 740 1268 782 .'

113 809 182 841 480
202 801 381 852 Dumque
414 801 547 855 dolet,
580 814 732 841 summa
762 808 911 841 vestem
943 802 1096 841 diduxit
1126 801 1173 840 ab
1207 814 1297 854 ora,

200 860 390 911 Nudaque
422 863 652 900 marmoreis
683 862 879 912 percussit
909 866 1071 912 pectora
1101 860 1261 912 palmis.

201 919 368 958 Pectora
399 924 607 958 traxerunt
637 925 798 958 tenuem
829 931 1018 970 percussa
1049 919 1261 971 ruborem,

202 977 288 1016 Non
319 977 432 1016 aliter
463 990 579 1029 quam
610 990 725 1029 poma
756 978 912 1030 solent,
943 989 1042 1028 quae
1076 977 1238 1016 candida
1269 982 1380 1028 parte

202 1036 317 1075 Parte
349 1035 523 1088 rubent,
556 1043 623 1075 aut
653 1043 698 1075 ut
722 1038 838 1075 variis
872 1036 972 1075 solet
1002 1047 1076 1074 uva
1106 1037 1273 1074 racemis

117 1102 185 1134 485
206 1094 358 1133 Ducere
389 1107 664 1147 purpureum,
696 1095 871 1133 nondum
902 1100 1053 1133 matura
1071 1125 1083 1147 ,
1114 1094 1308 1133 colorem.

204 1153 311 1199 Quae
344 1153 460 1191 simul
492 1155 643 1204 aspexit
667 1153 877 1204 liquefacta
907 1165 1048 1191 rursus
1080 1154 1121 1191 in
1152 1152 1280 1205 unda,

202 1212 289 1250 Non
320 1211 410 1250 tulit
440 1211 636 1251 ulterius:
669 1212 738 1250 sed
769 1217 813 1250 ut
843 1211 1089 1250 intabescere
1120 1211 1240 1250 flavae

203 1270 297 1321 Igne
328 1270 404 1309 levi
435 1282 547 1309 cerae
580 1272 872 1321 matutinaeque
904 1271 1068 1321 pruinae

205 1328 294 1367 Sole
325 1334 483 1380 tepente
517 1329 673 1381 solent,
705 1330 761 1368 sic
792 1329 1025 1368 adtenuatus
1058 1340 1189 1367 amore

116 1395 184 1427 490
204 1387 387 1438 Liquitur
419 1393 459 1426 et
490 1399 606 1426 caeco
636 1387 823 1439 paulatim
849 1389 1024 1438 carpitur
1055 1388 1160 1438 igni.

204 1446 255 1484 Et
280 1458 408 1496 neque
439 1447 516 1484 iam
548 1446 655 1485 color
687 1453 748 1485 est
778 1448 899 1484 mixto
932 1445 1101 1484 candore
1133 1445 1294 1497 rubori,

204 1504 285 1543 Nec
316 1505 426 1555 vigor
458 1510 498 1543 et
528 1506 632 1543 vires
663 1510 704 1543 et
735 1517 833 1555 quae
866 1503 980 1542 modo
1013 1505 1094 1542 visa
1125 1503 1354 1555 placebant,

204 1563 286 1601 Nec
318 1574 462 1614 corpus
494 1569 699 1614 remanet,
733 1562 929 1614 quondam
961 1562 1066 1613 quod
1085 1568 1280 1600 amaverat
1298 1560 1428 1600 Echo.

208 1621 315 1667 Quae
347 1627 478 1660 tamen
510 1626 554 1660 ut
584 1621 709 1673 vidit,
741 1622 916 1672 quamvis
947 1622 1047 1659 irata
1077 1632 1331 1672 memorque,

117 1687 184 1720 495
205 1679 404 1732 Indoluit,
437 1681 698 1730 quotiensque
728 1691 829 1731 puer
860 1678 1094 1718 miserabilis
1127 1676 1244 1718 ‘eheu
1258 1675 1283 1718 l'

206 1738 364 1777 Dixerat
381 1770 392 1790 ,
423 1738 520 1777 haec
550 1740 704 1778 resonis
734 1737 902 1777 iterabat
932 1737 1093 1776 vocibus
1126 1734 1243 1776 ‘eheu
1257 1733 1282 1776 1'

207 1796 382 1848 Cumque
415 1809 507 1835 suos
538 1796 719 1836 manibus
750 1802 1002 1848 percusserat
1032 1796 1095 1834 ilie
1127 1795 1319 1848 lacertos,

205 1855 310 1894 Haec
342 1867 498 1906 quoque
530 1855 720 1894 reddebat
751 1856 924 1894 sonitum
954 1854 1152 1906 plangoris
1186 1854 1377 1893 eundem.

206 1913 349 1952 Ultima
378 1926 453 1952 vox
484 1913 638 1953 solitam
668 1915 743 1953 suit
772 1913 868 1952 haec
901 1914 1113 1964 spectantis
1144 1914 1186 1951 in
1217 1912 1385 1965 undam,

119 1979 186 2012 500
208 1970 309 2011 ‘Heu
341 1972 489 2011 frustra
521 1972 662 2012 dilecte
693 1984 793 2023 puer
813 1969 838 2011 1'
870 1971 1113 2022 totidemque
1145 1972 1298 2009 remisit

206 2029 332 2070 Verba
362 2030 501 2082 locus;
539 2030 722 2082 dictoque
760 2029 842 2069 vale
885 2027 982 2068 ‘vale
1003 2026 1027 2068 !'
1066 2030 1195 2080 inquit
1233 2035 1272 2068 et
1302 2028 1430 2068 Echo.

207 2088 274 2127 Ille
307 2095 425 2140 caput
454 2088 569 2128 viridi
600 2090 747 2128 sessum
779 2089 975 2127 summisit
1004 2089 1046 2126 in
1076 2087 1221 2140 herba,

209 2146 376 2186 Lumina
408 2159 486 2186 nox
517 2147 658 2186 clausit
689 2148 836 2186 domini
868 2148 1048 2185 mirantia
1080 2146 1267 2184 formam.

208 2205 309 2244 Tum
341 2217 496 2257 quoque
517 2217 558 2245 se
577 2237 588 2258 ,
619 2212 828 2257 postquam
854 2211 914 2244 est
939 2205 1093 2243 inferna
1112 2204 1204 2243 sede
1225 2210 1431 2257 receptuS,

121 2270 188 2303 505
208 2263 252 2302 In
286 2263 416 2315 Stygia
448 2263 650 2315 spectabat
681 2276 808 2315 aqua.
845 2263 1031 2314 planxere
1064 2274 1220 2302 sorores

208 2320 350 2361 Naides
382 2328 422 2361 et
452 2328 580 2362 sectos
612 2323 724 2361 fratri
755 2334 923 2373 posuere
956 2321 1138 2372 capillos:
