1554 2563
588 105 657 141 Vll
673 134 683 147 ,
709 109 895 141 561-633
909 132 917 141 .
1061 118 1192 141 aeacus
1340 106 1421 148 143

199 218 298 258 Cum
329 218 499 257 facerem
530 218 631 256 natis
649 248 660 268 ,
692 217 865 268 mugitus
897 217 1055 255 victima
1087 216 1194 255 diros

198 275 332 316 Edidit
361 283 401 316 et
432 275 562 315 subito
594 274 762 326 collapsa
793 276 877 313 sine
908 274 1053 314 ictibus
1085 274 1174 313 ullis

199 334 350 386 Exiguo
381 336 498 374 tinxit
528 333 728 374 subiectos
760 335 948 385 sanguine
981 333 1152 372 cultros.

111 402 180 435 600
200 393 317 433 Fibra
349 405 505 445 quoque
538 406 653 445 aegra
686 398 798 431 notas
829 394 913 431 veri
943 394 1195 443 monitusque
1227 390 1392 431 deorum

199 452 459 504 Perdiderat3
490 454 624 491 tristes
655 458 865 504 penetrant
895 452 941 489 ad
974 453 1124 490 viscera
1156 449 1305 490 morbi.

199 515 298 551 Ante
330 523 463 550 sacros
494 511 572 550 vidi
601 513 777 562 proiecta
809 509 995 549 cadavera
1026 516 1184 562 postes,

199 573 297 609 Ante
331 572 434 622 ipsas
453 602 463 622 ‚
495 582 572 621 quo
605 581 711 608 mors
743 570 846 608 soret
876 568 1134 619 invidiosior,
1166 579 1277 607 aras.

200 629 295 669 Pars
327 630 495 668 animam
526 629 665 680 laqueo
698 627 914 679 claudunt,
945 629 1163 677 mortisque
1196 628 1376 665 timorem

113 697 180 729 605
201 688 325 727 Morte
358 688 523 740 sugant,
556 687 738 738 ultroque
770 693 910 726 vocant
940 688 1134 725 venientia
1166 686 1265 725 fata.

201 746 375 799 Corpora
407 748 525 785 missa
556 748 645 785 neci
675 746 793 785 nullis
825 746 874 784 de
905 757 1014 783 more
1048 745 1231 783 seruntur

200 805 453 845 Funeribus:
485 817 612 856 neque
646 808 749 844 enim
782 803 988 856 capiebant
1019 805 1157 843 funera
1188 809 1349 854 portae.

200 867 278 904 Aut
308 864 508 903 inhumata
539 870 725 916 premunt
757 870 882 902 terras
901 895 912 915 ‚
944 868 1011 901 aut
1041 862 1184 901 dantur
1215 863 1255 900 in
1288 861 1385 900 altos

201 923 377 962 Indotata
411 935 527 974 rogos
547 954 556 963 .
596 921 655 973 [et
685 925 761 961 iam
793 922 1014 961 reverentia
1047 920 1154 959 nulla
1185 928 1268 973 est,

113 991 181 1023 610
202 982 336 1033 Deque
368 983 474 1033 rogis
506 987 681 1033 pugnant
711 981 926 1031 alienisque
958 978 1114 1031 ignibus
1146 976 1326 1029 ardent]

203 1041 279 1087 Qui
310 1041 518 1080 lacrimem
535 1073 547 1093 ‚
578 1041 748 1079 desunt.
785 1039 1071 1090 indefletaeque
1097 1042 1287 1089 vagantur

202 1099 391 1139 Natorum
424 1099 691 1151 queribundae
723 1099 873 1137 animae
900 1099 1166 1148 iuvenumque
1185 1108 1426 1147 senumque:

201 1158 283 1197 Nec
314 1158 424 1197 locus
455 1160 495 1197 in
528 1157 698 1197 tumulos
717 1189 728 1209 ,
760 1169 833 1196 nec
866 1157 1011 1195 sufficit
1043 1154 1159 1194 arbor
1190 1156 1230 1194 in
1263 1156 1397 1206 ignes.

262 1218 462 1256 Attonitus
495 1223 602 1256 tanto
634 1218 869 1255 miserarum
902 1214 1060 1254 turbine
1093 1226 1251 1264 rerum,

114 1283 183 1316 615
203 1273 411 1327 “luppiter
443 1287 465 1314 ο
487 1272 512 1314 Ξ’
545 1275 624 1314 dixi
656 1272 705 1314 ‘si
735 1281 774 1313 te
807 1287 884 1313 non
916 1274 1010 1312 falsa
1043 1274 1258 1324 loquuntur

204 1334 316 1374 Dicta
348 1333 420 1373 sub
453 1334 653 1385 amplexus
685 1334 854 1385 Aeginae
886 1332 1078 1384 Asopidos
1110 1334 1212 1384 isse,

203 1392 284 1433 Nec
316 1401 354 1432 te
373 1425 384 1445 ‚
417 1405 554 1444 magne
586 1400 697 1444 pater
716 1423 728 1444 ,
758 1393 884 1431 nostri
922 1391 1044 1442 pudet
1080 1402 1168 1429 esse
1200 1395 1428 1441 parentem:

203 1453 281 1491 Aut
295 1451 388 1490 mihi
403 1452 522 1490 redde
543 1463 650 1490 meos
663 1483 674 1502 ‚
694 1457 761 1490 aut
779 1462 840 1489 me
856 1462 1012 1501 quoque
1027 1448 1151 1488 conde
1171 1448 1379 1500 sepulchro
1388 1444 1428 1487 .”

205 1510 273 1549 llle
306 1517 436 1549 notam
469 1510 620 1561 fulgore
653 1509 761 1548 dedit
791 1510 1022 1559 tonitruque
1055 1507 1252 1546 secundo.

60 1602 61 1606 ,
118 1578 186 1610 620
207 1566 397 1620 “Accipio
417 1601 428 1618 ,
459 1570 616 1619 sintque
648 1569 751 1619 ista,
782 1579 924 1618 precor
943 1599 955 1618 ,
987 1566 1113 1605 felicia
1145 1566 1288 1604 mentis

207 1627 324 1678 Signa
356 1634 444 1666 tuae
461 1624 486 1666 1’
519 1627 598 1665 dixi
630 1623 751 1677 ‘quod
783 1626 851 1664 das
883 1625 977 1664 mihi
996 1656 1008 1677 ‚
1039 1626 1226 1676 pigneror
1257 1635 1374 1662 omen
1388 1619 1429 1662 .”

206 1686 323 1726 Forte
355 1687 430 1725 fuit
459 1687 567 1725 iuxta
597 1685 740 1737 patulis
771 1686 969 1723 rarissima
1001 1686 1118 1722 ramis

208 1744 325 1784 Sacra
358 1744 437 1783 lovi
469 1757 641 1796 quercus
673 1743 720 1782 de
753 1745 901 1782 semine
934 1742 1165 1781 Dodonaeo.

206 1803 279 1842 Hic
311 1815 382 1842 nos
414 1803 625 1855 frugilegas
658 1803 879 1854 aspeximus
910 1803 1062 1853 agmine
1095 1800 1210 1852 longo

121 1870 188 1902 625
211 1861 366 1902 Grande
398 1874 498 1901 onus
530 1863 672 1913 exiguo
705 1862 887 1899 formicas
919 1872 987 1898 ore
1019 1865 1202 1911 gerentes

208 1920 446 1972 Rugosoque
479 1932 595 1960 suum
628 1926 830 1958 servantes
862 1920 1009 1957 cortice
1041 1917 1202 1956 callem.

209 1979 309 2019 Dum
340 1991 549 2018 numerum
575 1981 698 2017 miror
715 2009 727 2030 ‚
759 1974 954 2016 “totidem
973 2008 984 2028 ,
1014 1983 1125 2028 pater
1146 1977 1291 2026 optime
1304 1971 1332 2026 ‚’
1353 1974 1431 2014 dixi

209 2035 284 2077 ‘Tu
316 2038 412 2077 mihi
443 2038 490 2076 da
522 2039 626 2077 cives
645 2069 656 2090 ,
688 2043 727 2076 et
757 2037 887 2075 inania
918 2037 1070 2073 moenia
1103 2033 1240 2085 supple
1256 2030 1296 2072 .”

210 2096 417 2135 Intremuit
447 2098 645 2147 ramisque
677 2107 818 2134 sonum
850 2095 933 2133 sine
965 2094 1120 2132 flamine
1152 2093 1268 2131 motis

121 2163 189 2194 630
210 2156 295 2194 Alta
326 2154 434 2194 dedit
465 2166 636 2206 quercus
656 2185 664 2193 .
702 2153 840 2206 pavido
873 2152 969 2191 mihi
999 2151 1173 2190 membra
1204 2152 1344 2189 timore

210 2213 456 2252 Horruerant
486 2212 719 2264 stabantque
753 2223 915 2250 comae.
954 2216 1082 2249 tamen
1115 2209 1248 2248 oscula
1278 2215 1408 2248 terrae

211 2271 512 2323 Roboribusque
545 2271 665 2311 dedi:
696 2282 770 2310 nec
801 2282 863 2309 me
897 2281 1056 2321 sperare
1085 2267 1258 2320 fatebar,

212 2328 425 2383 Sperabam
456 2335 587 2370 tamen
618 2335 735 2381 atque
767 2330 894 2367 animo
928 2340 1012 2367 mea
1044 2334 1130 2366 vota
1164 2325 1353 2366 fovebam.
