1554 2563
536 120 584 155 Vl
604 148 612 164 ‚
639 120 824 156 eea—VII
838 148 847 164 ‚
874 125 918 156 44
934 148 941 155 .
1075 133 1192 156 nemu
1325 119 1405 161 127

120 240 159 271 10
180 230 229 270 Et
259 231 403 271 luctata
435 230 501 271 diu
521 263 532 283 ‚
563 237 771 283 postquam
804 232 954 270 ratione
991 231 1164 270 furorem

180 289 344 329 Vincere
376 301 455 329 non
486 296 670 342 poterat,
702 287 865 329 ‘frustra
884 321 895 342 ,
926 289 1061 328 Medea
1079 322 1089 342 ‚
1121 301 1342 341 repugnas:

180 348 320 388 Nescio
341 350 429 402 quis
450 347 547 388 deus
567 347 697 388 obstat
714 345 739 401 ;'
767 349 820 387 ait
839 345 1076 399 ‘mirumque
1095 380 1106 398 ‚
1132 350 1209 387 nisi
1229 349 1304 388 hoc
1324 354 1407 400 est,

179 409 256 446 Aut
287 407 433 458 ailquid
467 413 573 446 certe
606 406 730 446 simile
763 406 884 459 huic,
917 407 1020 457 quod
1062 419 1191 446 amare
1223 414 1407 447 vocatur.

181 465 277 505 Nam
310 478 381 505 cur
413 467 518 505 iussa
550 467 672 518 patris
705 467 868 505 nimium
901 465 994 505 mihi
1027 465 1124 505 dura
1156 463 1372 506 videntur?

120 532 160 563 15
182 524 282 565 Sunt
314 536 470 576 quoque
503 524 600 564 dura
631 526 775 564 nimis.
815 536 886 564 cur
905 556 916 577 ‚
949 536 1065 575 quem
1098 524 1213 564 modo
1242 525 1348 564 deni·

1205 596 1281 635 que
1307 582 1407 636 vidi,

180 642 236 681 Ne
268 648 432 694 pereat,
464 643 582 682 timeo
602 640 624 681 ¹?
656 653 754 693 quae
787 643 887 681 tanti
920 654 1036 682 causa
1063 640 1250 682 timoris?

181 700 331 740 Excute
364 702 539 752 virgineo
572 707 781 752 conceptas
812 708 972 752 pectore
1005 701 1203 754 flammas,

182 759 223 798 Si
254 765 395 812 potes,
428 760 592 799 infelix.
631 761 664 798 si
696 772 853 811 possem
872 792 883 811 ‚
915 762 1046 799 sanior
1078 772 1229 799 essem.

181 817 258 856 Sed
290 824 424 870 gravat
453 820 614 857 invitam
645 830 743 858 nova
774 820 860 858 vis.
900 818 1081 870 aliudque
1115 819 1281 871 cupido,

119 886 161 916 20
183 877 293 916 Mens
325 876 429 916 aliud
462 876 627 916 suadet.
665 876 776 916 video
810 877 971 916 meliora
1002 877 1231 930 proboque,

181 935 382 975 Deteriora
415 948 588 987 sequor.
628 935 720 987 quid
753 938 793 974 in
825 936 979 988 hospite
1000 968 1011 989 ‚
1043 938 1149 988 regia
1182 938 1313 988 virgo,

181 993 316 1034 Ureris
335 1026 346 1046 ‚
378 1001 418 1034 et
448 995 636 1033 thalamos
669 995 784 1033 alieni
816 996 991 1046 concipis
1024 992 1166 1034 orbis?

183 1052 288 1092 Haec
321 1065 479 1105 quoque
511 1060 616 1092 terra
635 1059 796 1105 potest,
829 1053 931 1104 quod
965 1065 1070 1092 ames
1090 1086 1100 1105 ,
1132 1054 1252 1092 dare.
1286 1055 1407 1104 vivat,

1053 1125 1101 1151 an
1133 1112 1197 1151 ille

183 1170 345 1210 Occidat
363 1203 374 1224 ,
405 1173 444 1211 in
478 1171 536 1211 dis
569 1178 657 1211 est.
696 1172 798 1210 vivat
831 1177 986 1210 tamen:
1017 1171 1135 1222 idque
1168 1173 1320 1223 precari

118 1238 160 1268 εδ
181 1229 249 1269 Vel
281 1232 366 1269 sine
398 1242 530 1269 amore
562 1229 681 1269 licet.
721 1229 814 1281 quid
846 1232 951 1269 enim
983 1231 1178 1269 commisit
1208 1227 1356 1269 lason?

182 1288 346 1339 [Quem,
378 1289 455 1326 nisi
487 1288 704 1339 crudelem,
726 1300 804 1327 non
836 1294 967 1340 tangat
999 1288 1146 1328 Iasonis
1178 1294 1284 1328 aetas

181 1345 232 1385 Et
262 1358 386 1398 genus
418 1352 460 1386 et
491 1348 614 1387 virtus
633 1344 655 1386 Ῥ
687 1359 804 1398 quem
835 1358 913 1386 non
933 1380 944 1399 ,
977 1353 1021 1386 ut
1051 1353 1183 1386 cetera
1215 1347 1368 1399 desint,

182 1404 260 1444 Ore
292 1417 449 1444 movere
481 1403 651 1457 potest?
682 1411 789 1445 certe
822 1418 906 1445 mea
938 1412 1097 1457 pectora
1129 1407 1250 1445 movit
1264 1405 1292 1455 .]

182 1464 230 1502 At
261 1465 337 1503 nisi
368 1476 482 1516 opem
513 1464 642 1503 tulero
661 1496 673 1517 ,
705 1471 908 1503 taurorum
941 1464 1147 1503 adflabitur
1178 1466 1290 1517 igne,

119 1531 162 1562 30
184 1522 481 1574 Concurretque
514 1535 606 1562 suae
640 1524 784 1574 segetis
817 1522 957 1562 tellure
990 1524 1131 1562 creatis

182 1580 371 1621 Hostibus
389 1613 401 1633 ,
432 1587 500 1621 aut
530 1581 639 1620 avido
672 1580 828 1620 dabitur
860 1582 942 1620 sera
973 1581 1115 1632 praeda
1147 1580 1329 1620 draconi.

184 1639 265 1679 Hoc
297 1652 368 1691 ego
401 1641 434 1679 si
465 1641 589 1692 patiar
609 1672 619 1692 ‚
650 1646 734 1679 tum
767 1651 828 1678 me
860 1639 908 1678 de
939 1639 1080 1691 tigride
1113 1646 1266 1692 natam,

183 1698 284 1738 Tum
314 1699 465 1738 ferrum
498 1705 538 1737 et
568 1698 751 1750 scopulos
783 1703 936 1749 gestare
967 1700 1007 1737 in
1040 1698 1158 1737 corde
1191 1698 1364 1738 fatebor.

184 1757 263 1796 Cur
295 1769 374 1797 non
405 1763 445 1796 et
475 1762 610 1809 specto
641 1763 875 1809 pereuntem
894 1789 905 1809 ‚
936 1756 1151 1808 oculosque
1183 1757 1348 1796 videndo

121 1824 163 1855 35
185 1815 420 1855 Conscelero
439 1814 461 1855 ἰ)
493 1828 564 1855 cur
596 1827 674 1855 non
705 1822 842 1855 tauros
874 1814 1060 1854 exhortor
1092 1818 1132 1854 in
1163 1816 1273 1855 illum

183 1874 495 1926 Terrigenasque
528 1876 632 1914 seros
663 1876 956 1926 insopitumque
989 1872 1233 1913 draconem?

184 1932 229 1972 Di
260 1933 420 1972 meliora
453 1933 600 1972 velint.
638 1945 873 1985 quamquam
905 1944 983 1972 non
1014 1934 1089 1972 ista
1120 1932 1338 1984 precanda,

185 1991 261 2031 Sed
293 1991 468 2031 facienda
500 1992 622 2031 mihi.
660 1991 873 2043 prodamne
905 2003 977 2042 ego
1008 2003 1128 2042 regna
1159 1993 1355 2043 parentis?

183 2051 310 2101 Atque
343 2063 415 2102 ope
448 2052 581 2090 nescio
614 2051 702 2102 quis
734 2049 953 2089 servabitur
984 2048 1130 2088 advena
1162 2056 1320 2101 nostra,

124 2117 164 2148 40
186 2108 235 2147 Ut
266 2121 337 2160 per
369 2121 431 2148 me
457 2121 593 2161 sospes
626 2110 710 2148 sine
742 2120 804 2147 me
837 2108 902 2147 det
933 2108 1052 2147 lintea
1084 2110 1233 2160 ventis,

185 2166 329 2218 Virque
362 2167 413 2207 sit
444 2167 606 2207 alterius
626 2199 638 2219 ,
669 2179 817 2219 poenae
849 2166 982 2205 Medea
1016 2164 1251 2217 relinquar?

186 2225 226 2264 Si
258 2226 386 2265 iacere
418 2226 492 2265 hoc
512 2258 523 2279 ‚
555 2225 715 2265 aliamve
747 2232 877 2277 potest
907 2237 1151 2276 praeponere
1185 2223 1320 2275 nobis,

187 2283 348 2324 Occidat
377 2286 582 2336 ingratuS.
622 2285 690 2324 sed
723 2296 801 2323 non
833 2285 866 2322 is
898 2283 1028 2322 vultus
1059 2285 1100 2322 in
1132 2283 1220 2336 illo,

184 2341 270 2381 Non
302 2354 348 2382 ea
378 2342 559 2382 nobilitas
591 2344 718 2382 animo
752 2349 812 2381 est
830 2373 841 2394 ,
873 2354 916 2381 ea
948 2342 1070 2394 gratia
1103 2342 1273 2392 formae,
