<?xml version="1.0" encoding="UTF-8"?>
<!DOCTYPE html PUBLIC "-//W3C//DTD XHTML 1.0 Transitional//EN"
    "http://www.w3.org/TR/xhtml1/DTD/xhtml1-transitional.dtd">
<html xmlns="http://www.w3.org/1999/xhtml" xml:lang="en" lang="en">
 <head>
  <title>
</title>
<meta http-equiv="Content-Type" content="text/html;charset=utf-8" />
  <meta name='ocr-system' content='tesseract 3.04.00' />
  <meta name='ocr-capabilities' content='ocr_page ocr_carea ocr_par ocr_line ocrx_word'/>
</head>
<body>
  <div class='ocr_page' id='page_1' title='image "./operaovid02oviduoft_0093.png"; bbox 0 0 1554 2563; ppageno 0'>
   <div class='ocr_carea' id='block_1_1' title="bbox 612 103 1427 153">
    <p class='ocr_par' dir='ltr' id='par_1_1' title="bbox 612 103 1427 153">
     <span class='ocr_line' id='line_1_1' title="bbox 612 103 1427 153; baseline -0.004 -10"><span class='ocrx_word' id='word_1_1' title='bbox 612 109 644 144; x_wconf 89' lang='lat'>11</span> <span class='ocrx_word' id='word_1_2' title='bbox 662 136 670 153; x_wconf 88' lang='lat'><em>,</em></span> <span class='ocrx_word' id='word_1_3' title='bbox 699 113 882 144; x_wconf 78' lang='lat'>135-208</span> <span class='ocrx_word' id='word_1_4' title='bbox 898 135 905 143; x_wconf 91' lang='lat'>.</span> <span class='ocrx_word' id='word_1_5' title='bbox 1046 119 1229 142; x_wconf 62' lang='lat' dir='ltr'>rnamnou</span> <span class='ocrx_word' id='word_1_6' title='bbox 1371 103 1427 145; x_wconf 82' lang='lat'>27</span> 
     </span>
    </p>
   </div>
   <div class='ocr_carea' id='block_1_2' title="bbox 63 218 1435 2383">
    <p class='ocr_par' dir='ltr' id='par_1_2' title="bbox 208 218 1382 389">
     <span class='ocr_line' id='line_1_2' title="bbox 208 218 1240 270; baseline -0.003 -11"><span class='ocrx_word' id='word_1_7' title='bbox 208 219 259 259; x_wconf 88' lang='lat' dir='ltr'>Et</span> <span class='ocrx_word' id='word_1_8' title='bbox 288 222 408 259; x_wconf 79' lang='lat' dir='ltr'>vetito</span> <span class='ocrx_word' id='word_1_9' title='bbox 440 220 586 259; x_wconf 80' lang='lat' dir='ltr'>frustra</span> <span class='ocrx_word' id='word_1_10' title='bbox 618 223 862 270; x_wconf 83' lang='lat' dir='ltr'>temptarunt</span> <span class='ocrx_word' id='word_1_11' title='bbox 892 229 1061 269; x_wconf 88' lang='lat' dir='ltr'>aequore</span> <span class='ocrx_word' id='word_1_12' title='bbox 1092 218 1240 269; x_wconf 88' lang='lat' dir='ltr'>tingui.</span> 
     </span>
     <span class='ocr_line' id='line_1_3' title="bbox 211 275 1382 330; baseline -0.004 -12"><span class='ocrx_word' id='word_1_13' title='bbox 211 278 397 330; x_wconf 82' lang='lat' dir='ltr'>Quaeque</span> <span class='ocrx_word' id='word_1_14' title='bbox 428 277 518 330; x_wconf 90' lang='lat' dir='ltr'>polo</span> <span class='ocrx_word' id='word_1_15' title='bbox 548 279 675 330; x_wconf 90' lang='lat' dir='ltr'>posita</span> <span class='ocrx_word' id='word_1_16' title='bbox 707 283 768 316; x_wconf 87' lang='lat' dir='ltr'>est</span> <span class='ocrx_word' id='word_1_17' title='bbox 798 276 948 328; x_wconf 88' lang='lat' dir='ltr'>glaciali</span> <span class='ocrx_word' id='word_1_18' title='bbox 978 278 1154 328; x_wconf 78' lang='lat' dir='ltr'>proxima</span> <span class='ocrx_word' id='word_1_19' title='bbox 1187 275 1382 326; x_wconf 84' lang='lat' dir='ltr'>Serpens,</span> 
     </span>
     <span class='ocr_line' id='line_1_4' title="bbox 209 334 1171 389; baseline -0.003 -13"><span class='ocrx_word' id='word_1_20' title='bbox 209 336 371 389; x_wconf 85' lang='lat' dir='ltr'><strong>Frigore</strong></span> <span class='ocrx_word' id='word_1_21' title='bbox 403 338 513 389; x_wconf 89' lang='lat' dir='ltr'>pigra</span> <span class='ocrx_word' id='word_1_22' title='bbox 544 338 654 388; x_wconf 90' lang='lat' dir='ltr'>prius</span> <span class='ocrx_word' id='word_1_23' title='bbox 686 347 759 375; x_wconf 91' lang='lat' dir='ltr'>nec</span> <span class='ocrx_word' id='word_1_24' title='bbox 791 334 1047 374; x_wconf 86' lang='lat' dir='ltr'>formidabilis</span> <span class='ocrx_word' id='word_1_25' title='bbox 1079 335 1171 387; x_wconf 81' lang='lat' dir='ltr'>ulli,</span> 
     </span>
    </p>

    <p class='ocr_par' dir='ltr' id='par_1_3' title="bbox 122 393 1188 447">
     <span class='ocr_line' id='line_1_5' title="bbox 122 393 1188 447; baseline -0.003 -12"><span class='ocrx_word' id='word_1_26' title='bbox 122 403 189 435; x_wconf 76' lang='lat'>175</span> <span class='ocrx_word' id='word_1_27' title='bbox 214 395 378 435; x_wconf 81' lang='lat' dir='ltr'>Incaluit</span> <span class='ocrx_word' id='word_1_28' title='bbox 409 397 653 447; x_wconf 85' lang='lat' dir='ltr'>sumpsitque</span> <span class='ocrx_word' id='word_1_29' title='bbox 686 406 803 433; x_wconf 87' lang='lat' dir='ltr'>novas</span> <span class='ocrx_word' id='word_1_30' title='bbox 836 393 1057 434; x_wconf 82' lang='lat' dir='ltr'>fervoribus</span> <span class='ocrx_word' id='word_1_31' title='bbox 1087 395 1188 432; x_wconf 90' lang='lat' dir='ltr'>iras.</span> 
     </span>
    </p>

    <p class='ocr_par' dir='ltr' id='par_1_4' title="bbox 208 451 1352 681">
     <span class='ocr_line' id='line_1_6' title="bbox 208 451 1315 506; baseline -0.003 -13"><span class='ocrx_word' id='word_1_32' title='bbox 208 454 263 493; x_wconf 88' lang='lat' dir='ltr'>Te</span> <span class='ocrx_word' id='word_1_33' title='bbox 296 466 452 506; x_wconf 91' lang='lat' dir='ltr'>quoque</span> <span class='ocrx_word' id='word_1_34' title='bbox 483 453 683 493; x_wconf 86' lang='lat' dir='ltr'>turbatum</span> <span class='ocrx_word' id='word_1_35' title='bbox 715 459 933 493; x_wconf 88' lang='lat' dir='ltr'>memorant</span> <span class='ocrx_word' id='word_1_36' title='bbox 965 454 1110 504; x_wconf 85' lang='lat' dir='ltr'>fugisse</span> <span class='ocrx_word' id='word_1_37' title='bbox 1129 484 1140 505; x_wconf 83' lang='lat'>,</span> <span class='ocrx_word' id='word_1_38' title='bbox 1171 451 1315 504; x_wconf 88' lang='lat' dir='ltr'>Boote,</span> 
     </span>
     <span class='ocr_line' id='line_1_7' title="bbox 212 510 1352 563; baseline -0.003 -11"><span class='ocrx_word' id='word_1_39' title='bbox 212 513 396 559; x_wconf 89' lang='lat' dir='ltr'>Quamvis</span> <span class='ocrx_word' id='word_1_40' title='bbox 423 513 558 552; x_wconf 87' lang='lat' dir='ltr'>tardus</span> <span class='ocrx_word' id='word_1_41' title='bbox 585 525 671 551; x_wconf 89' lang='lat' dir='ltr'>eras</span> <span class='ocrx_word' id='word_1_42' title='bbox 704 519 743 551; x_wconf 91' lang='lat' dir='ltr'>et</span> <span class='ocrx_word' id='word_1_43' title='bbox 774 518 812 551; x_wconf 91' lang='lat' dir='ltr'>te</span> <span class='ocrx_word' id='word_1_44' title='bbox 844 518 911 551; x_wconf 89' lang='lat' dir='ltr'>tua</span> <span class='ocrx_word' id='word_1_45' title='bbox 942 511 1115 563; x_wconf 89' lang='lat' dir='ltr'>plaustra</span> <span class='ocrx_word' id='word_1_46' title='bbox 1146 510 1352 550; x_wconf 87' lang='lat' dir='ltr'>tenebant.</span> 
     </span>
     <span class='ocr_line' id='line_1_8' title="bbox 208 570 1202 623; baseline -0.003 -12"><span class='ocrx_word' id='word_1_47' title='bbox 208 571 259 611; x_wconf 91' lang='lat' dir='ltr'>Ut</span> <span class='ocrx_word' id='word_1_48' title='bbox 290 584 381 611; x_wconf 88' lang='lat' dir='ltr'>vero</span> <span class='ocrx_word' id='word_1_49' title='bbox 413 583 566 610; x_wconf 87' lang='lat' dir='ltr'>summo</span> <span class='ocrx_word' id='word_1_50' title='bbox 598 571 776 623; x_wconf 85' lang='lat' dir='ltr'>despexit</span> <span class='ocrx_word' id='word_1_51' title='bbox 807 570 854 609; x_wconf 88' lang='lat' dir='ltr'>ab</span> <span class='ocrx_word' id='word_1_52' title='bbox 886 570 1044 610; x_wconf 85' lang='lat' dir='ltr'>aethere</span> <span class='ocrx_word' id='word_1_53' title='bbox 1075 576 1202 609; x_wconf 86' lang='lat' dir='ltr'>terras</span> 
     </span>
     <span class='ocr_line' id='line_1_9' title="bbox 209 629 1267 681; baseline -0.002 -12"><span class='ocrx_word' id='word_1_54' title='bbox 209 629 349 669; x_wconf 83' lang='lat' dir='ltr'>Infelix</span> <span class='ocrx_word' id='word_1_55' title='bbox 379 630 582 670; x_wconf 81' lang='lat' dir='ltr'>Phaethon</span> <span class='ocrx_word' id='word_1_56' title='bbox 613 632 770 681; x_wconf 88' lang='lat' dir='ltr'>penitus</span> <span class='ocrx_word' id='word_1_57' title='bbox 802 631 1038 681; x_wconf 88' lang='lat' dir='ltr'>penitusque</span> <span class='ocrx_word' id='word_1_58' title='bbox 1071 630 1267 681; x_wconf 88' lang='lat' dir='ltr'>iacentes,</span> 
     </span>
    </p>

    <p class='ocr_par' dir='ltr' id='par_1_5' title="bbox 123 688 1429 976">
     <span class='ocr_line' id='line_1_10' title="bbox 123 688 1233 742; baseline 0 -16"><span class='ocrx_word' id='word_1_59' title='bbox 123 697 190 728; x_wconf 76' lang='lat'>180</span> <span class='ocrx_word' id='word_1_60' title='bbox 209 688 379 742; x_wconf 87' lang='lat' dir='ltr'>Palluit,</span> <span class='ocrx_word' id='word_1_61' title='bbox 411 695 450 728; x_wconf 91' lang='lat' dir='ltr'>et</span> <span class='ocrx_word' id='word_1_62' title='bbox 481 688 610 728; x_wconf 88' lang='lat' dir='ltr'>subito</span> <span class='ocrx_word' id='word_1_63' title='bbox 636 700 764 740; x_wconf 89' lang='lat' dir='ltr'>genua</span> <span class='ocrx_word' id='word_1_64' title='bbox 794 690 1036 728; x_wconf 84' lang='lat' dir='ltr'>intremuere</span> <span class='ocrx_word' id='word_1_65' title='bbox 1068 689 1233 740; x_wconf 85' lang='lat' dir='ltr'>timore,</span> 
     </span>
     <span class='ocr_line' id='line_1_11' title="bbox 211 744 1429 799; baseline -0.002 -12"><span class='ocrx_word' id='word_1_66' title='bbox 211 747 390 799; x_wconf 89' lang='lat' dir='ltr'>Suntque</span> <span class='ocrx_word' id='word_1_67' title='bbox 423 748 546 787; x_wconf 91' lang='lat' dir='ltr'>oculis</span> <span class='ocrx_word' id='word_1_68' title='bbox 578 747 764 787; x_wconf 86' lang='lat' dir='ltr'>tenebrae</span> <span class='ocrx_word' id='word_1_69' title='bbox 796 759 867 799; x_wconf 92' lang='lat' dir='ltr'>per</span> <span class='ocrx_word' id='word_1_70' title='bbox 900 753 1051 786; x_wconf 89' lang='lat' dir='ltr'>tantum</span> <span class='ocrx_word' id='word_1_71' title='bbox 1083 746 1216 785; x_wconf 89' lang='lat' dir='ltr'>lumen</span> <span class='ocrx_word' id='word_1_72' title='bbox 1247 744 1429 785; x_wconf 89' lang='lat' dir='ltr'>obortae.</span> 
     </span>
     <span class='ocr_line' id='line_1_12' title="bbox 210 805 1362 858; baseline -0.002 -13"><span class='ocrx_word' id='word_1_73' title='bbox 210 805 258 845; x_wconf 87' lang='lat' dir='ltr'>Et</span> <span class='ocrx_word' id='word_1_74' title='bbox 288 808 365 846; x_wconf 91' lang='lat' dir='ltr'>iam</span> <span class='ocrx_word' id='word_1_75' title='bbox 395 806 526 846; x_wconf 84' lang='lat' dir='ltr'>mallet</span> <span class='ocrx_word' id='word_1_76' title='bbox 551 819 673 858; x_wconf 90' lang='lat' dir='ltr'>equos</span> <span class='ocrx_word' id='word_1_77' title='bbox 704 818 918 857; x_wconf 82' lang='lat' dir='ltr'>numquam</span> <span class='ocrx_word' id='word_1_78' title='bbox 949 806 1123 856; x_wconf 86' lang='lat' dir='ltr'>tetigisse</span> <span class='ocrx_word' id='word_1_79' title='bbox 1154 810 1362 856; x_wconf 88' lang='lat' dir='ltr'>paternos,</span> 
     </span>
     <span class='ocr_line' id='line_1_13' title="bbox 211 863 1326 917; baseline -0.002 -14"><span class='ocrx_word' id='word_1_80' title='bbox 211 865 290 904; x_wconf 91' lang='lat' dir='ltr'>Iam</span> <span class='ocrx_word' id='word_1_81' title='bbox 317 877 506 917; x_wconf 86' lang='lat' dir='ltr'>cognosse</span> <span class='ocrx_word' id='word_1_82' title='bbox 538 878 662 916; x_wconf 91' lang='lat' dir='ltr'>genus</span> <span class='ocrx_word' id='word_1_83' title='bbox 694 866 830 917; x_wconf 84' lang='lat' dir='ltr'>piget,</span> <span class='ocrx_word' id='word_1_84' title='bbox 862 872 902 904; x_wconf 90' lang='lat' dir='ltr'>et</span> <span class='ocrx_word' id='word_1_85' title='bbox 932 864 1098 903; x_wconf 88' lang='lat' dir='ltr'>valuisse</span> <span class='ocrx_word' id='word_1_86' title='bbox 1130 863 1326 915; x_wconf 90' lang='lat' dir='ltr'>rogando;</span> 
     </span>
     <span class='ocr_line' id='line_1_14' title="bbox 211 923 1257 976; baseline -0.001 -14"><span class='ocrx_word' id='word_1_87' title='bbox 211 924 290 963; x_wconf 90' lang='lat' dir='ltr'>Iam</span> <span class='ocrx_word' id='word_1_88' title='bbox 321 923 491 975; x_wconf 88' lang='lat' dir='ltr'>Meropis</span> <span class='ocrx_word' id='word_1_89' title='bbox 524 924 601 963; x_wconf 88' lang='lat' dir='ltr'>dici</span> <span class='ocrx_word' id='word_1_90' title='bbox 632 925 794 976; x_wconf 91' lang='lat' dir='ltr'>cupiens</span> <span class='ocrx_word' id='word_1_91' title='bbox 825 925 878 962; x_wconf 90' lang='lat' dir='ltr'>ita</span> <span class='ocrx_word' id='word_1_92' title='bbox 910 923 1036 962; x_wconf 76' lang='lat' dir='ltr'>fertur</span> <span class='ocrx_word' id='word_1_93' title='bbox 1054 954 1066 975; x_wconf 85' lang='lat'><em>,</em></span> <span class='ocrx_word' id='word_1_94' title='bbox 1097 928 1142 962; x_wconf 94' lang='lat' dir='ltr'>ut</span> <span class='ocrx_word' id='word_1_95' title='bbox 1172 928 1257 961; x_wconf 87' lang='lat' dir='ltr'>acta</span> 
     </span>
    </p>

    <p class='ocr_par' dir='ltr' id='par_1_6' title="bbox 124 982 1344 1269">
     <span class='ocr_line' id='line_1_15' title="bbox 124 982 1156 1035; baseline -0.002 -14"><span class='ocrx_word' id='word_1_96' title='bbox 124 989 190 1021; x_wconf 70' lang='lat'>185</span> <span class='ocrx_word' id='word_1_97' title='bbox 210 983 419 1035; x_wconf 84' lang='lat' dir='ltr'>Praecipiti</span> <span class='ocrx_word' id='word_1_98' title='bbox 450 984 567 1034; x_wconf 89' lang='lat' dir='ltr'>pinus</span> <span class='ocrx_word' id='word_1_99' title='bbox 599 982 747 1035; x_wconf 88' lang='lat' dir='ltr'>borea,</span> <span class='ocrx_word' id='word_1_100' title='bbox 779 983 842 1022; x_wconf 90' lang='lat' dir='ltr'>cui</span> <span class='ocrx_word' id='word_1_101' title='bbox 874 983 974 1021; x_wconf 88' lang='lat' dir='ltr'>victa</span> <span class='ocrx_word' id='word_1_102' title='bbox 1005 982 1156 1020; x_wconf 86' lang='lat' dir='ltr'>remisit</span> 
     </span>
     <span class='ocr_line' id='line_1_16' title="bbox 210 1039 1315 1094; baseline -0.002 -14"><span class='ocrx_word' id='word_1_103' title='bbox 210 1042 336 1080; x_wconf 86' lang='lat' dir='ltr'>Frena</span> <span class='ocrx_word' id='word_1_104' title='bbox 368 1053 464 1080; x_wconf 90' lang='lat' dir='ltr'>suus</span> <span class='ocrx_word' id='word_1_105' title='bbox 496 1047 657 1094; x_wconf 88' lang='lat' dir='ltr'>rector,</span> <span class='ocrx_word' id='word_1_106' title='bbox 689 1053 805 1092; x_wconf 90' lang='lat' dir='ltr'>quam</span> <span class='ocrx_word' id='word_1_107' title='bbox 836 1040 896 1079; x_wconf 83' lang='lat' dir='ltr'>dis</span> <span class='ocrx_word' id='word_1_108' title='bbox 928 1042 1105 1091; x_wconf 89' lang='lat' dir='ltr'>votisque</span> <span class='ocrx_word' id='word_1_109' title='bbox 1137 1039 1315 1090; x_wconf 88' lang='lat' dir='ltr'>reliquit.</span> 
     </span>
     <span class='ocr_line' id='line_1_17' title="bbox 212 1097 1317 1151; baseline -0.002 -12"><span class='ocrx_word' id='word_1_110' title='bbox 212 1100 314 1146; x_wconf 90' lang='lat' dir='ltr'>Quid</span> <span class='ocrx_word' id='word_1_111' title='bbox 347 1100 462 1139; x_wconf 86' lang='lat' dir='ltr'>saciat</span> <span class='ocrx_word' id='word_1_112' title='bbox 480 1097 501 1139; x_wconf 81' lang='lat'>‘?</span> <span class='ocrx_word' id='word_1_113' title='bbox 532 1100 698 1139; x_wconf 89' lang='lat' dir='ltr'>multum</span> <span class='ocrx_word' id='word_1_114' title='bbox 725 1099 822 1139; x_wconf 87' lang='lat' dir='ltr'>caeli</span> <span class='ocrx_word' id='word_1_115' title='bbox 852 1105 942 1151; x_wconf 90' lang='lat' dir='ltr'>post</span> <span class='ocrx_word' id='word_1_116' title='bbox 972 1105 1081 1150; x_wconf 89' lang='lat' dir='ltr'>terga</span> <span class='ocrx_word' id='word_1_117' title='bbox 1113 1098 1317 1150; x_wconf 82' lang='lat' dir='ltr'>relictum,</span> 
     </span>
     <span class='ocr_line' id='line_1_18' title="bbox 211 1158 1344 1210; baseline -0.003 -12"><span class='ocrx_word' id='word_1_118' title='bbox 211 1162 310 1198; x_wconf 88' lang='lat' dir='ltr'>Ante</span> <span class='ocrx_word' id='word_1_119' title='bbox 343 1158 478 1198; x_wconf 90' lang='lat' dir='ltr'>oculos</span> <span class='ocrx_word' id='word_1_120' title='bbox 510 1158 599 1210; x_wconf 90' lang='lat' dir='ltr'>plus</span> <span class='ocrx_word' id='word_1_121' title='bbox 632 1165 720 1198; x_wconf 90' lang='lat' dir='ltr'>est.</span> <span class='ocrx_word' id='word_1_122' title='bbox 759 1159 887 1197; x_wconf 87' lang='lat' dir='ltr'>animo</span> <span class='ocrx_word' id='word_1_123' title='bbox 919 1159 1081 1197; x_wconf 85' lang='lat' dir='ltr'>metitur</span> <span class='ocrx_word' id='word_1_124' title='bbox 1112 1164 1344 1208; x_wconf 84' lang='lat' dir='ltr'>utrumque.</span> 
     </span>
     <span class='ocr_line' id='line_1_19' title="bbox 210 1217 1265 1269; baseline -0.002 -13"><span class='ocrx_word' id='word_1_125' title='bbox 210 1217 260 1257; x_wconf 91' lang='lat' dir='ltr'>Et</span> <span class='ocrx_word' id='word_1_126' title='bbox 291 1217 405 1256; x_wconf 91' lang='lat' dir='ltr'>modo</span> <span class='ocrx_word' id='word_1_127' title='bbox 438 1229 537 1269; x_wconf 90' lang='lat' dir='ltr'>quos</span> <span class='ocrx_word' id='word_1_128' title='bbox 568 1217 624 1256; x_wconf 93' lang='lat' dir='ltr'>illi</span> <span class='ocrx_word' id='word_1_129' title='bbox 655 1218 777 1257; x_wconf 85' lang='lat' dir='ltr'>satum</span> <span class='ocrx_word' id='word_1_130' title='bbox 809 1218 1037 1268; x_wconf 88' lang='lat' dir='ltr'>contingere</span> <span class='ocrx_word' id='word_1_131' title='bbox 1071 1228 1149 1254; x_wconf 88' lang='lat' dir='ltr'>non</span> <span class='ocrx_word' id='word_1_132' title='bbox 1181 1222 1265 1269; x_wconf 86' lang='lat' dir='ltr'>est,</span> 
     </span>
    </p>

    <p class='ocr_par' dir='ltr' id='par_1_7' title="bbox 125 1275 1435 1562">
     <span class='ocr_line' id='line_1_20' title="bbox 125 1275 1222 1329; baseline -0.002 -14"><span class='ocrx_word' id='word_1_133' title='bbox 125 1284 191 1316; x_wconf 83' lang='grc'><strong>190</strong></span> <span class='ocrx_word' id='word_1_134' title='bbox 211 1276 406 1328; x_wconf 90' lang='lat' dir='ltr'>Prospicit</span> <span class='ocrx_word' id='word_1_135' title='bbox 436 1289 598 1316; x_wconf 87' lang='lat' dir='ltr'>occasus</span> <span class='ocrx_word' id='word_1_136' title='bbox 623 1307 634 1329; x_wconf 87' lang='lat'><em>‚</em></span> <span class='ocrx_word' id='word_1_137' title='bbox 667 1275 867 1315; x_wconf 86' lang='lat' dir='ltr'>interdum</span> <span class='ocrx_word' id='word_1_138' title='bbox 897 1276 1059 1327; x_wconf 87' lang='lat' dir='ltr'>respicit</span> <span class='ocrx_word' id='word_1_139' title='bbox 1090 1280 1222 1314; x_wconf 89' lang='lat' dir='ltr'>ortus.</span> 
     </span>
     <span class='ocr_line' id='line_1_21' title="bbox 213 1334 1435 1388; baseline -0.002 -14"><span class='ocrx_word' id='word_1_140' title='bbox 213 1335 394 1386; x_wconf 87' lang='lat' dir='ltr'>Quidque</span> <span class='ocrx_word' id='word_1_141' title='bbox 427 1342 541 1388; x_wconf 86' lang='lat' dir='ltr'>agat,</span> <span class='ocrx_word' id='word_1_142' title='bbox 572 1337 732 1386; x_wconf 86' lang='lat' dir='ltr'>ignarus</span> <span class='ocrx_word' id='word_1_143' title='bbox 764 1340 897 1386; x_wconf 90' lang='lat' dir='ltr'>stupet</span> <span class='ocrx_word' id='word_1_144' title='bbox 927 1341 967 1373; x_wconf 88' lang='lat' dir='ltr'>et</span> <span class='ocrx_word' id='word_1_145' title='bbox 1003 1345 1076 1373; x_wconf 84' lang='lat' dir='ltr'>nec</span> <span class='ocrx_word' id='word_1_146' title='bbox 1107 1334 1217 1372; x_wconf 89' lang='lat' dir='ltr'>frena</span> <span class='ocrx_word' id='word_1_147' title='bbox 1248 1334 1435 1386; x_wconf 82' lang='lat' dir='ltr'>remittit,</span> 
     </span>
     <span class='ocr_line' id='line_1_22' title="bbox 211 1393 1334 1446; baseline -0.003 -13"><span class='ocrx_word' id='word_1_148' title='bbox 211 1393 292 1433; x_wconf 91' lang='lat' dir='ltr'>Nec</span> <span class='ocrx_word' id='word_1_149' title='bbox 323 1395 495 1433; x_wconf 89' lang='lat' dir='ltr'>retinere</span> <span class='ocrx_word' id='word_1_150' title='bbox 527 1394 657 1446; x_wconf 88' lang='lat' dir='ltr'>valet,</span> <span class='ocrx_word' id='word_1_151' title='bbox 689 1406 762 1433; x_wconf 88' lang='lat' dir='ltr'>nec</span> <span class='ocrx_word' id='word_1_152' title='bbox 793 1394 950 1432; x_wconf 88' lang='lat' dir='ltr'>nomina</span> <span class='ocrx_word' id='word_1_153' title='bbox 982 1393 1089 1431; x_wconf 89' lang='lat' dir='ltr'>novit</span> <span class='ocrx_word' id='word_1_154' title='bbox 1120 1404 1334 1443; x_wconf 89' lang='lat' dir='ltr'>equorum.</span> 
     </span>
     <span class='ocr_line' id='line_1_23' title="bbox 214 1450 1288 1504; baseline -0.002 -13"><span class='ocrx_word' id='word_1_155' title='bbox 214 1452 356 1504; x_wconf 90' lang='lat' dir='ltr'>Sparsa</span> <span class='ocrx_word' id='word_1_156' title='bbox 388 1465 545 1504; x_wconf 89' lang='lat' dir='ltr'>quoque</span> <span class='ocrx_word' id='word_1_157' title='bbox 577 1454 616 1491; x_wconf 92' lang='lat' dir='ltr'>in</span> <span class='ocrx_word' id='word_1_158' title='bbox 648 1453 754 1491; x_wconf 86' lang='lat' dir='ltr'>vario</span> <span class='ocrx_word' id='word_1_159' title='bbox 786 1453 931 1504; x_wconf 88' lang='lat' dir='ltr'>passim</span> <span class='ocrx_word' id='word_1_160' title='bbox 963 1450 1150 1490; x_wconf 87' lang='lat' dir='ltr'>miracula</span> <span class='ocrx_word' id='word_1_161' title='bbox 1182 1450 1288 1489; x_wconf 89' lang='lat' dir='ltr'>caelo</span> 
     </span>
     <span class='ocr_line' id='line_1_24' title="bbox 213 1509 1311 1562; baseline -0.001 -14"><span class='ocrx_word' id='word_1_162' title='bbox 213 1510 498 1562; x_wconf 81' lang='lat' dir='ltr'>vastarumque</span> <span class='ocrx_word' id='word_1_163' title='bbox 532 1511 636 1550; x_wconf 91' lang='lat' dir='ltr'>videt</span> <span class='ocrx_word' id='word_1_164' title='bbox 667 1510 845 1562; x_wconf 88' lang='lat' dir='ltr'>trepidus</span> <span class='ocrx_word' id='word_1_165' title='bbox 877 1509 1085 1549; x_wconf 88' lang='lat' dir='ltr'>simulacra</span> <span class='ocrx_word' id='word_1_166' title='bbox 1117 1510 1311 1548; x_wconf 76' lang='lat' dir='ltr'>serarum.</span> 
     </span>
    </p>

    <p class='ocr_par' dir='ltr' id='par_1_8' title="bbox 127 1568 1407 1797">
     <span class='ocr_line' id='line_1_25' title="bbox 127 1568 1407 1623; baseline -0.002 -14"><span class='ocrx_word' id='word_1_167' title='bbox 127 1578 192 1609; x_wconf 83' lang='lat'>195</span> <span class='ocrx_word' id='word_1_168' title='bbox 213 1569 284 1609; x_wconf 90' lang='lat' dir='ltr'>Est</span> <span class='ocrx_word' id='word_1_169' title='bbox 313 1570 423 1609; x_wconf 88' lang='lat' dir='ltr'>locus</span> <span class='ocrx_word' id='word_1_170' title='bbox 442 1602 453 1623; x_wconf 86' lang='lat'><em>‚</em></span> <span class='ocrx_word' id='word_1_171' title='bbox 485 1572 524 1608; x_wconf 89' lang='lat' dir='ltr'>in</span> <span class='ocrx_word' id='word_1_172' title='bbox 556 1570 732 1620; x_wconf 88' lang='lat' dir='ltr'>geminos</span> <span class='ocrx_word' id='word_1_173' title='bbox 764 1568 831 1607; x_wconf 93' lang='lat' dir='ltr'>ubi</span> <span class='ocrx_word' id='word_1_174' title='bbox 863 1568 1044 1607; x_wconf 87' lang='lat' dir='ltr'>bracchia</span> <span class='ocrx_word' id='word_1_175' title='bbox 1076 1574 1261 1607; x_wconf 82' lang='lat' dir='ltr'>concavat</span> <span class='ocrx_word' id='word_1_176' title='bbox 1292 1579 1407 1607; x_wconf 86' lang='lat' dir='ltr'>arcus</span> 
     </span>
     <span class='ocr_line' id='line_1_26' title="bbox 214 1626 1290 1680; baseline -0.003 -13"><span class='ocrx_word' id='word_1_177' title='bbox 214 1628 402 1680; x_wconf 90' lang='lat' dir='ltr'>Scorpius</span> <span class='ocrx_word' id='word_1_178' title='bbox 421 1660 432 1680; x_wconf 89' lang='lat'><em>,</em></span> <span class='ocrx_word' id='word_1_179' title='bbox 463 1635 503 1667; x_wconf 89' lang='lat' dir='ltr'>et</span> <span class='ocrx_word' id='word_1_180' title='bbox 534 1628 656 1667; x_wconf 91' lang='lat' dir='ltr'>cauda</span> <span class='ocrx_word' id='word_1_181' title='bbox 688 1628 877 1678; x_wconf 85' lang='lat' dir='ltr'>flexisque</span> <span class='ocrx_word' id='word_1_182' title='bbox 909 1628 1107 1677; x_wconf 86' lang='lat' dir='ltr'>utrimque</span> <span class='ocrx_word' id='word_1_183' title='bbox 1133 1626 1290 1665; x_wconf 87' lang='lat' dir='ltr'>lacertis</span> 
     </span>
     <span class='ocr_line' id='line_1_27' title="bbox 213 1684 1318 1739; baseline -0.003 -13"><span class='ocrx_word' id='word_1_184' title='bbox 213 1687 385 1739; x_wconf 86' lang='lat' dir='ltr'>Porrigit</span> <span class='ocrx_word' id='word_1_185' title='bbox 415 1689 455 1726; x_wconf 94' lang='lat' dir='ltr'>in</span> <span class='ocrx_word' id='word_1_186' title='bbox 488 1688 657 1738; x_wconf 84' lang='lat' dir='ltr'>spatium</span> <span class='ocrx_word' id='word_1_187' title='bbox 688 1688 891 1738; x_wconf 87' lang='lat' dir='ltr'>signorum</span> <span class='ocrx_word' id='word_1_188' title='bbox 922 1684 1096 1724; x_wconf 89' lang='lat' dir='ltr'>membra</span> <span class='ocrx_word' id='word_1_189' title='bbox 1127 1684 1318 1724; x_wconf 89' lang='lat' dir='ltr'>duorum.</span> 
     </span>
     <span class='ocr_line' id='line_1_28' title="bbox 214 1743 1245 1797; baseline -0.002 -12"><span class='ocrx_word' id='word_1_190' title='bbox 214 1745 328 1785; x_wconf 90' lang='lat' dir='ltr'>Hunc</span> <span class='ocrx_word' id='word_1_191' title='bbox 359 1758 459 1797; x_wconf 90' lang='lat' dir='ltr'>puer</span> <span class='ocrx_word' id='word_1_192' title='bbox 492 1753 535 1785; x_wconf 89' lang='lat' dir='ltr'>ut</span> <span class='ocrx_word' id='word_1_193' title='bbox 566 1746 669 1797; x_wconf 86' lang='lat' dir='ltr'>nigri</span> <span class='ocrx_word' id='word_1_194' title='bbox 699 1744 898 1784; x_wconf 90' lang='lat' dir='ltr'>madidum</span> <span class='ocrx_word' id='word_1_195' title='bbox 930 1743 1073 1783; x_wconf 88' lang='lat' dir='ltr'>sudore</span> <span class='ocrx_word' id='word_1_196' title='bbox 1104 1744 1245 1783; x_wconf 89' lang='lat' dir='ltr'>veneni</span> 
     </span>
    </p>

    <p class='ocr_par' dir='ltr' id='par_1_9' title="bbox 63 1801 1192 1858">
     <span class='ocr_line' id='line_1_29' title="bbox 63 1801 1192 1858; baseline -0.003 -14"><span class='ocrx_word' id='word_1_197' title='bbox 63 1856 66 1858; x_wconf 15' lang='lat' dir='ltr'>v</span> <span class='ocrx_word' id='word_1_198' title='bbox 214 1804 383 1844; x_wconf 87' lang='lat' dir='ltr'>Vulnera</span> <span class='ocrx_word' id='word_1_199' title='bbox 414 1810 572 1844; x_wconf 87' lang='lat' dir='ltr'>curvata</span> <span class='ocrx_word' id='word_1_200' title='bbox 604 1805 848 1843; x_wconf 87' lang='lat' dir='ltr'>minitantem</span> <span class='ocrx_word' id='word_1_201' title='bbox 881 1801 1042 1854; x_wconf 88' lang='lat' dir='ltr'>cuspide</span> <span class='ocrx_word' id='word_1_202' title='bbox 1073 1801 1192 1855; x_wconf 88' lang='lat' dir='ltr'>vidit,</span> 
     </span>
    </p>

    <p class='ocr_par' dir='ltr' id='par_1_10' title="bbox 124 1861 1339 2150">
     <span class='ocr_line' id='line_1_30' title="bbox 124 1861 1217 1915; baseline -0.004 -12"><span class='ocrx_word' id='word_1_203' title='bbox 124 1872 196 1904; x_wconf 73' lang='lat'>200</span> <span class='ocrx_word' id='word_1_204' title='bbox 215 1863 357 1903; x_wconf 89' lang='lat' dir='ltr'>Mentis</span> <span class='ocrx_word' id='word_1_205' title='bbox 388 1865 501 1915; x_wconf 90' lang='lat' dir='ltr'>inops</span> <span class='ocrx_word' id='word_1_206' title='bbox 533 1862 658 1915; x_wconf 90' lang='lat' dir='ltr'>gelida</span> <span class='ocrx_word' id='word_1_207' title='bbox 690 1861 898 1901; x_wconf 85' lang='lat' dir='ltr'>formidine</span> <span class='ocrx_word' id='word_1_208' title='bbox 930 1861 1011 1900; x_wconf 90' lang='lat' dir='ltr'>lora</span> <span class='ocrx_word' id='word_1_209' title='bbox 1043 1862 1217 1900; x_wconf 87' lang='lat' dir='ltr'>remisit.</span> 
     </span>
     <span class='ocr_line' id='line_1_31' title="bbox 217 1921 1309 1973; baseline -0.005 -11"><span class='ocrx_word' id='word_1_210' title='bbox 217 1922 324 1968; x_wconf 87' lang='lat' dir='ltr'>Quae</span> <span class='ocrx_word' id='word_1_211' title='bbox 356 1927 563 1973; x_wconf 88' lang='lat' dir='ltr'>postquam</span> <span class='ocrx_word' id='word_1_212' title='bbox 595 1933 747 1960; x_wconf 88' lang='lat' dir='ltr'>summo</span> <span class='ocrx_word' id='word_1_213' title='bbox 780 1922 944 1972; x_wconf 88' lang='lat' dir='ltr'>tetigere</span> <span class='ocrx_word' id='word_1_214' title='bbox 977 1921 1142 1958; x_wconf 90' lang='lat' dir='ltr'>iacentia</span> <span class='ocrx_word' id='word_1_215' title='bbox 1173 1925 1309 1971; x_wconf 80' lang='lat' dir='ltr'>tergo,</span> 
     </span>
     <span class='ocr_line' id='line_1_32' title="bbox 215 1977 1339 2033; baseline -0.004 -13"><span class='ocrx_word' id='word_1_216' title='bbox 215 1980 493 2033; x_wconf 86' lang='lat' dir='ltr'>Exspatiantur</span> <span class='ocrx_word' id='word_1_217' title='bbox 523 1982 644 2033; x_wconf 84' lang='lat' dir='ltr'>equi,</span> <span class='ocrx_word' id='word_1_218' title='bbox 675 1980 860 2030; x_wconf 88' lang='lat' dir='ltr'>nulloque</span> <span class='ocrx_word' id='word_1_219' title='bbox 891 1977 1092 2017; x_wconf 88' lang='lat' dir='ltr'>inhibente</span> <span class='ocrx_word' id='word_1_220' title='bbox 1123 1990 1194 2029; x_wconf 92' lang='lat' dir='ltr'>per</span> <span class='ocrx_word' id='word_1_221' title='bbox 1226 1989 1339 2016; x_wconf 85' lang='lat' dir='ltr'>auras</span> 
     </span>
     <span class='ocr_line' id='line_1_33' title="bbox 217 2038 1250 2091; baseline -0.003 -13"><span class='ocrx_word' id='word_1_222' title='bbox 217 2039 376 2091; x_wconf 84' lang='lat' dir='ltr'>Ignotae</span> <span class='ocrx_word' id='word_1_223' title='bbox 407 2041 578 2090; x_wconf 84' lang='lat' dir='ltr'>regionis</span> <span class='ocrx_word' id='word_1_224' title='bbox 612 2045 735 2091; x_wconf 87' lang='lat' dir='ltr'>eunt,</span> <span class='ocrx_word' id='word_1_225' title='bbox 768 2050 920 2089; x_wconf 88' lang='lat' dir='ltr'>quaque</span> <span class='ocrx_word' id='word_1_226' title='bbox 946 2039 1117 2088; x_wconf 84' lang='lat' dir='ltr'>impetus</span> <span class='ocrx_word' id='word_1_227' title='bbox 1149 2038 1250 2089; x_wconf 86' lang='lat' dir='ltr'>egit,</span> 
     </span>
     <span class='ocr_line' id='line_1_34' title="bbox 217 2094 1312 2150; baseline -0.004 -13"><span class='ocrx_word' id='word_1_228' title='bbox 217 2098 298 2137; x_wconf 88' lang='lat' dir='ltr'>Hac</span> <span class='ocrx_word' id='word_1_229' title='bbox 330 2099 414 2137; x_wconf 91' lang='lat' dir='ltr'>sine</span> <span class='ocrx_word' id='word_1_230' title='bbox 445 2098 530 2149; x_wconf 87' lang='lat' dir='ltr'>lege</span> <span class='ocrx_word' id='word_1_231' title='bbox 561 2102 712 2150; x_wconf 90' lang='lat' dir='ltr'>ruunt,</span> <span class='ocrx_word' id='word_1_232' title='bbox 744 2097 899 2148; x_wconf 87' lang='lat' dir='ltr'>altoque</span> <span class='ocrx_word' id='word_1_233' title='bbox 932 2095 1005 2135; x_wconf 89' lang='lat' dir='ltr'>sub</span> <span class='ocrx_word' id='word_1_234' title='bbox 1037 2094 1195 2134; x_wconf 87' lang='lat' dir='ltr'>aethere</span> <span class='ocrx_word' id='word_1_235' title='bbox 1227 2095 1312 2133; x_wconf 87' lang='lat' dir='ltr'>fixis</span> 
     </span>
    </p>

    <p class='ocr_par' dir='ltr' id='par_1_11' title="bbox 127 2154 1309 2209">
     <span class='ocr_line' id='line_1_35' title="bbox 127 2154 1309 2209; baseline -0.003 -14"><span class='ocrx_word' id='word_1_236' title='bbox 127 2164 198 2197; x_wconf 66' lang='lat'>205</span> <span class='ocrx_word' id='word_1_237' title='bbox 218 2157 426 2196; x_wconf 91' lang='lat' dir='ltr'>Incursant</span> <span class='ocrx_word' id='word_1_238' title='bbox 457 2157 580 2196; x_wconf 87' lang='lat' dir='ltr'>stellis</span> <span class='ocrx_word' id='word_1_239' title='bbox 599 2188 610 2209; x_wconf 85' lang='lat'><em>,</em></span> <span class='ocrx_word' id='word_1_240' title='bbox 642 2157 877 2208; x_wconf 87' lang='lat' dir='ltr'>rapiuntque</span> <span class='ocrx_word' id='word_1_241' title='bbox 909 2166 980 2206; x_wconf 87' lang='lat' dir='ltr'>per</span> <span class='ocrx_word' id='word_1_242' title='bbox 1012 2154 1094 2193; x_wconf 90' lang='lat' dir='ltr'>avia</span> <span class='ocrx_word' id='word_1_243' title='bbox 1126 2166 1309 2193; x_wconf 91' lang='lat' dir='ltr'>currum.</span> 
     </span>
    </p>

    <p class='ocr_par' dir='ltr' id='par_1_12' title="bbox 218 2212 1409 2383">
     <span class='ocr_line' id='line_1_36' title="bbox 218 2212 1409 2267; baseline -0.004 -12"><span class='ocrx_word' id='word_1_244' title='bbox 218 2215 269 2255; x_wconf 92' lang='lat' dir='ltr'>Et</span> <span class='ocrx_word' id='word_1_245' title='bbox 298 2215 414 2255; x_wconf 89' lang='lat' dir='ltr'>modo</span> <span class='ocrx_word' id='word_1_246' title='bbox 446 2227 597 2255; x_wconf 90' lang='lat' dir='ltr'>summa</span> <span class='ocrx_word' id='word_1_247' title='bbox 627 2220 797 2267; x_wconf 83' lang='lat' dir='ltr'>petunt,</span> <span class='ocrx_word' id='word_1_248' title='bbox 828 2213 943 2253; x_wconf 89' lang='lat' dir='ltr'>modo</span> <span class='ocrx_word' id='word_1_249' title='bbox 968 2224 1040 2264; x_wconf 88' lang='lat' dir='ltr'>per</span> <span class='ocrx_word' id='word_1_250' title='bbox 1071 2212 1218 2252; x_wconf 84' lang='lat' dir='ltr'>declive</span> <span class='ocrx_word' id='word_1_251' title='bbox 1250 2214 1409 2263; x_wconf 91' lang='lat' dir='ltr'>viasque</span> 
     </span>
     <span class='ocr_line' id='line_1_37' title="bbox 218 2271 1229 2326; baseline -0.003 -13"><span class='ocrx_word' id='word_1_252' title='bbox 218 2274 458 2326; x_wconf 87' lang='lat' dir='ltr'>Praecipites</span> <span class='ocrx_word' id='word_1_253' title='bbox 490 2275 615 2326; x_wconf 87' lang='lat' dir='ltr'>spatio</span> <span class='ocrx_word' id='word_1_254' title='bbox 646 2279 775 2312; x_wconf 86' lang='lat' dir='ltr'>terrae</span> <span class='ocrx_word' id='word_1_255' title='bbox 806 2273 991 2324; x_wconf 83' lang='lat' dir='ltr'>propiore</span> <span class='ocrx_word' id='word_1_256' title='bbox 1023 2271 1229 2311; x_wconf 85' lang='lat' dir='ltr'>feruntur.</span> 
     </span>
     <span class='ocr_line' id='line_1_38' title="bbox 220 2329 1142 2383; baseline -0.002 -11"><span class='ocrx_word' id='word_1_257' title='bbox 220 2332 468 2383; x_wconf 78' lang='lat' dir='ltr'>Inferiusque</span> <span class='ocrx_word' id='word_1_258' title='bbox 499 2334 581 2372; x_wconf 87' lang='lat' dir='ltr'>suis</span> <span class='ocrx_word' id='word_1_259' title='bbox 612 2332 807 2371; x_wconf 85' lang='lat' dir='ltr'>fraternos</span> <span class='ocrx_word' id='word_1_260' title='bbox 839 2342 1000 2370; x_wconf 89' lang='lat' dir='ltr'>currere</span> <span class='ocrx_word' id='word_1_261' title='bbox 1033 2329 1142 2370; x_wconf 86' lang='lat' dir='ltr'>Luna</span> 
     </span>
    </p>
   </div>
  </div>
 </body>
</html>
