1554 2563
127 109 206 151 152
379 121 507 144 chLLA
672 107 886 142 METAMM
898 134 909 145 .

238 218 406 258 Victoris
438 217 580 270 placidi
612 217 706 257 fecit
736 217 941 257 clementia
974 216 1128 256 multis.

238 278 343 317 Iusta
375 278 478 328 gerit
509 281 617 316 certe
649 288 721 328 pro
753 282 843 315 nato
875 275 974 314 bella
1004 281 1232 329 perempto,

237 336 288 375 Et
319 347 515 387 causaque
546 334 646 374 valet
678 346 913 386 causamque
944 333 1147 373 tuentibus
1178 336 1319 374 armis:

179 404 223 435 60
243 394 294 434 Ut
323 400 419 447 puto
437 426 449 447 ‚
480 395 711 433 vincemur.
751 395 818 444 qui
849 394 882 432 si
914 398 1045 432 manet
1075 395 1202 432 exitus
1233 392 1396 445 urbem,

239 453 318 493 Cur
350 465 445 493 suus
477 452 572 492 haec
597 452 652 491 illi
684 457 837 491 reseret
867 463 953 491 mea
984 453 1136 491 moenia
1168 451 1318 491 Mavors

238 512 288 551 Et
318 524 398 551 non
430 517 564 551 noster
596 522 704 550 amor
723 507 745 550 ⁴?
776 510 917 550 melius
949 511 1032 549 sine
1066 510 1183 550 caede
1216 522 1402 561 moraque

238 571 483 622 Inpensaque
515 571 576 610 sui
608 569 754 621 poterit
785 580 972 620 superare
1004 571 1179 608 cruoris.

238 629 325 668 Non
357 635 529 668 metuam
561 634 668 667 certe
688 660 699 681 ‚
732 640 780 667 ne
814 630 901 679 quis
934 633 1000 667 tua
1030 619 1402 681 pectora‚'Minos,

176 697 218 728 65
239 688 428 728 Vulneret
458 687 675 739 inprudens
695 717 704 726 .
742 687 829 737 quis
862 687 966 725 enim
998 692 1076 726 tam
1108 686 1216 725 dirus
1235 718 1246 738 ‚
1278 692 1322 726 ut
1352 688 1392 726 in
1423 691 1462 726 te

238 747 415 798 Dirigere
447 747 624 785 inmitem
656 757 735 784 non
766 746 914 784 inscius
946 746 1086 785 audeat
1115 745 1265 785 hastam
1278 742 1315 784 ‘1²'

241 806 387 857 Coepta
418 805 574 857 placent
605 809 645 843 et
676 809 753 843 stat
784 806 978 843 sententia
1010 803 1165 843 tradere
1198 816 1332 844 secum

239 864 414 904 Dotalem
445 865 611 915 patriam
642 863 838 914 finemque
871 864 1061 914 inponere
1092 862 1216 902 bello.

239 923 383 962 Verum
414 922 511 961 velle
542 933 682 974 parum
714 927 802 960 est.
841 918 984 960 ‘aditus
1017 921 1193 961 custodia
1225 927 1376 961 servat:

179 991 222 1022 70
243 982 498 1032 Claustraque
530 986 734 1033 portarum
754 981 908 1031 genitor
934 985 1070 1020 tenet.
1109 980 1215 1019 hunc
1246 992 1317 1032 ego
1338 980 1464 1020 solum

239 1040 377 1080 Infelix
409 1042 528 1078 timeo
548 1071 559 1092 ,
591 1038 698 1078 solus
729 1050 813 1077 mea
845 1044 933 1077 vota
965 1044 1163 1079 moratur.

239 1099 284 1138 Di
316 1100 492 1138 facerent
509 1130 520 1151 ,
551 1099 636 1136 sine
667 1102 778 1149 patre
810 1097 964 1137 sorem!
998 1097 1071 1136 sibi
1100 1099 1265 1149 quisque
1286 1098 1464 1150 profecto

239 1158 311 1196 Est
342 1158 467 1196 deus.
505 1157 654 1208 ignavis
685 1155 869 1207 precibus
902 1155 1075 1195 Fortuna
1107 1162 1321 1208 repugnat.

240 1216 370 1255 Altera
402 1214 616 1254 iandudum
648 1226 838 1254 succensa
870 1215 1052 1266 cupidine
1085 1220 1193 1254 tanto

177 1284 219 1315 75
239 1275 412 1314 Perdere
445 1273 661 1325 gauderet,
695 1273 969 1324 quodcumque
1003 1272 1177 1313 obstaret
1207 1275 1351 1313 amori.

241 1333 290 1372 Et
321 1345 391 1372 cur
424 1332 502 1371 ulla
534 1332 637 1370 soret
667 1343 729 1370 me
762 1332 901 1371 sortior
920 1329 942 1370 ?
973 1333 1031 1370 ire
1062 1344 1134 1383 per
1165 1334 1276 1383 ignes

240 1392 290 1431 Et
320 1391 468 1443 gladios
501 1391 654 1430 ausim.
693 1402 766 1429 nec
798 1391 837 1429 in
868 1389 943 1429 hoc
974 1396 1105 1430 tamen
1136 1391 1291 1442 ignibus
1324 1390 1412 1431 ullis

240 1452 317 1490 Aut
348 1449 485 1501 gladiis
517 1460 616 1501 opus
648 1454 736 1488 est.
774 1460 873 1500 opus
916 1454 976 1488 est
1006 1449 1101 1488 mihi
1139 1451 1247 1489 crine
1278 1455 1464 1502 paterno.

242 1509 309 1548 Illa
341 1508 437 1547 mihi
469 1513 530 1547 est
561 1519 656 1546 auro
681 1508 922 1560 pretiosior,
945 1507 1016 1546 ‘illa
1048 1507 1201 1548 beatam

177 1577 222 1609 80
241 1568 421 1619 Purpura
453 1578 515 1606 me
547 1568 705 1617 votique
737 1567 814 1605 mei
846 1566 995 1605 factura
1025 1572 1227 1618 potentem
1240 1562 1265 1606 .’

300 1626 407 1665 Talia
440 1625 587 1664 dicenti
619 1636 802 1663 curarum
835 1626 1000 1664 maxima
1032 1627 1166 1665 nutrix

242 1685 326 1725 Nox
358 1685 600 1735 intervenit3
632 1683 885 1734 tenebrisque
918 1683 1078 1723 audacia
1109 1686 1254 1724 crevit.

242 1744 373 1784 Prima
405 1746 517 1794 quies
550 1741 713 1794 aderat,
746 1754 821 1793 qua
853 1744 960 1781 curis
991 1743 1094 1782 sessa
1126 1743 1277 1783 diurnis

242 1803 408 1842 Pectora
440 1813 602 1840 somnus
640 1800 784 1840 habet.
824 1800 1013 1840 thalamos
1051 1803 1245 1841 taciturna
1281 1806 1465 1854 paternos

179 1869 222 1902 85
243 1862 397 1913 Intrat,
428 1865 496 1912 et,
528 1859 605 1898 heu
638 1858 817 1899 facinus!
849 1859 954 1898 fatali
986 1865 1075 1899 nata
1105 1866 1309 1912 parentem

243 1920 359 1959 Crine
392 1930 507 1957 suum
540 1917 708 1970 spoliat,
739 1917 961 1970 praedaque
993 1920 1117 1969 potita
1149 1919 1314 1958 nefanda

181 1988 224 2020 88
245 1978 322 2018 Per
353 1977 503 2017 medios
536 1976 669 2015 hostes
702 1998 757 2004 —
789 1978 920 2015 meriti
952 1977 1093 2016 fiducia
1124 1984 1229 2017 tanta
1260 1983 1321 2016 est
1352 1999 1406 2006 —

241 2037 429 2076 Pervenit
459 2036 506 2075 ad
538 2047 672 2086 regem
691 2067 700 2075 .
740 2047 856 2087 quem
888 2036 944 2074 sic
976 2036 1087 2074 affata
1118 2042 1323 2088 paventem
1356 2042 1438 2077 ests

181 2107 223 2137 90
247 2093 394 2134 ‘Suasit
426 2106 534 2133 amor
568 2094 747 2133 facinus.
786 2094 917 2145 proles
948 2106 1019 2145 ego
1052 2096 1157 2145 regia
1188 2094 1273 2134 Nisi

246 2154 370 2205 Scylla
403 2153 474 2192 tibi
505 2152 616 2192 trado
649 2153 876 2204 patriaeque
908 2164 1095 2203 meosque
1128 2158 1312 2205 penates.

245 2213 421 2253 Praemia
453 2211 561 2251 nulla
592 2218 683 2263 peto
702 2243 713 2264 ‚
745 2213 820 2250 nisi
852 2217 919 2250 te.
958 2223 1053 2262 cape
1084 2213 1227 2264 pignus
1259 2214 1402 2252 amoris

245 2272 496 2323 Purpureum
529 2272 707 2322 crinem,
739 2282 812 2309 nec
844 2282 906 2309 me
939 2282 1044 2309 nunc
1077 2270 1234 2309 tradere
1267 2272 1440 2324 crinem,

247 2330 323 2371 Sed
355 2331 528 2383 patrium
559 2328 630 2368 tibi
662 2329 779 2369 crede
812 2325 943 2382 caput’
976 2329 1243 2381 scelerataque
1276 2329 1411 2369 dextra
