1554 2563
73 103 128 145 '12
276 115 477 138 nnnco‘rnou
620 101 688 136 ME
694 101 835 136 TAMM
850 128 858 136 .

188 213 323 252 Gentis
355 212 573 251 odoriferae
606 224 721 263 quam
753 212 1035 251 formosissima
1065 218 1179 264 partu

101 280 168 312 210
187 271 320 310 Edidit
349 270 573 322 Eurynome
593 301 602 309 .
641 271 708 310 sed
740 277 949 322 postquam
981 270 1058 309 filia
1089 272 1234 323 crevit,

189 331 313 376 Quam
344 335 468 368 mater
499 334 660 368 cunctas
677 361 688 382 ,
720 335 797 368 tam
831 334 995 367 matrem
1026 328 1102 367 filia
1131 330 1245 368 vicit.

188 389 303 428 Rexit
333 388 611 427 Achaemenias
643 387 762 427 urbes
795 394 905 439 pater
938 387 1155 426 Orchamus
1173 419 1185 440 ,
1215 389 1327 439 isque

188 447 387 499 Septimus
419 459 439 485 a
471 448 600 498 prisco
632 453 863 486 numeratur
895 448 1045 497 origine
1076 445 1191 484 Belo.

187 507 267 545 Axe
300 505 373 545 sub
405 504 596 556 Hesperio
629 512 721 544 sunt
751 517 895 556 pascua
927 505 1028 543 Solis
1060 516 1276 555 equorum:

101 571 168 604 215
189 564 433 603 Ambrosiam
464 576 534 616 pro
568 566 742 615 gramine
775 563 947 602 habent.
986 575 1030 602 ea
1062 563 1164 602 sessa
1195 563 1347 603 diurnis

187 623 362 662 Membra
393 624 623 661 ministeriis
655 624 780 661 nutrit
813 627 1046 673 reparatque
1080 621 1227 660 labori.

187 682 366 733 Dumque
398 680 453 720 ibi
486 680 759 732 quadrupedes
791 680 972 719 caelestia
1003 679 1144 732 pabula
1175 687 1365 734 carpunt,

187 740 350 791 Noxque
382 741 506 779 vicem
537 741 717 793 peragit,
749 739 937 778 thalamos
978 739 1075 778 deus
1113 741 1234 778 intrat
1264 745 1411 780 amatos

187 799 333 838 Versus
364 800 404 837 in
436 798 681 850 Eurynomes
714 799 852 837 faciem
883 800 1095 849 genetricis
1114 829 1125 850 ‚
1157 803 1197 836 et
1227 799 1331 838 inter

101 867 168 898 220
187 858 253 897 Bis
285 869 354 897 sex
386 856 638 896 Leucothoen
671 856 833 895 famulas
866 857 911 895 ad
944 857 1090 895 lumina
1122 858 1247 895 cernit

189 917 305 955 Levia
336 922 490 955 versato
523 915 732 954 ducentem
765 917 929 954 stamina
961 916 1071 954 fuso.

189 975 293 1026 Ergo
326 974 394 1014 ubi
426 987 498 1013 ceu
531 980 655 1013 mater
687 986 798 1014 carae
832 974 939 1012 dedit
971 973 1103 1012 oscula
1129 980 1265 1028 natae,

187 1030 312 1072 “Res'
345 1034 397 1072 ait
429 1030 585 1072 ‘arcana
617 1038 677 1071 est
696 1064 705 1072 .
742 1032 907 1071 famulae
926 1064 937 1085 ,
969 1032 1157 1071 discedite
1176 1064 1188 1085 ,
1219 1045 1315 1072 neve

189 1092 341 1143 Eripite
373 1091 578 1130 arbitrium
611 1092 726 1130 matri
759 1096 910 1130 secreta
941 1090 1127 1142 loquendi
1141 1088 1182 1131 .''

101 1158 166 1192 225
186 1151 404 1190 Paruerant
424 1181 432 1189 .
471 1150 718 1201 thalamoque
750 1150 847 1188 deus
879 1151 963 1188 sine
996 1155 1095 1189 teste
1127 1150 1264 1189 relicto

188 1206 286 1248 “lu-e
319 1221 389 1260 ego
423 1221 509 1248 sum
527 1205 554 1260 ,'
587 1208 683 1247 dixit
714 1205 797 1259 ‘qui
829 1208 987 1259 longum
1019 1210 1159 1247 metior
1190 1221 1359 1262 annum,

189 1268 327 1307 Omnia
358 1269 426 1318 qui
456 1267 566 1306 video
587 1298 597 1318 ‚
628 1279 699 1318 per
732 1279 848 1318 quem
881 1267 984 1306 videt
1015 1269 1142 1306 omnia
1173 1268 1314 1322 tellus,

187 1326 320 1379 Mundi
352 1325 488 1365 oculus
509 1356 517 1364 .
556 1326 649 1364 mihi
668 1357 679 1378 ‚
711 1325 827 1364 crede
846 1357 857 1377 ‚
888 1325 1018 1376 places
1037 1323 1080 1365 .''
1117 1332 1231 1378 pavet
1261 1326 1348 1380 illa,
1376 1322 1379 1325 ’

1224 1391 1410 1438 metuque

187 1443 238 1482 Et
268 1444 378 1483 colus
410 1449 450 1483 et
480 1444 592 1482 fusus
624 1443 754 1495 digitis
787 1443 964 1482 cecidere
996 1445 1193 1484 remissis.

100 1511 168 1543 230
187 1503 274 1554 lpse
308 1504 426 1541 timor
458 1501 617 1541 decuit.
657 1514 729 1540 nec
760 1501 915 1553 longius
947 1502 1011 1541 ille
1043 1508 1217 1542 moratus

188 1561 233 1600 In
264 1573 395 1599 veram
426 1561 544 1600 rediit
575 1561 713 1600 faciem
733 1592 743 1612 ,
775 1561 1011 1612 solitumque
1044 1563 1235 1601 nitorem:

188 1619 255 1669 [At
285 1621 394 1670 virgo
415 1651 426 1671 ,
457 1622 632 1670 quamvis
664 1621 823 1671 inopino
855 1621 992 1658 territa
1024 1622 1109 1659 visu
1121 1619 1151 1672 ‚]

190 1677 297 1717 Victa
330 1679 459 1716 nitore
490 1678 553 1717 dei
583 1679 709 1729 posita
742 1679 818 1716 vim
850 1690 963 1729 passa
993 1678 1167 1729 querella
1198 1685 1280 1718 est.

191 1736 333 1775 Invidit
364 1736 516 1788 Clytie3
548 1749 676 1787 neque
709 1738 812 1775 enim
844 1737 1068 1776 moderatus
1101 1738 1140 1776 in
1170 1736 1233 1775 illa

99 1802 166 1835 235
187 1794 287 1833 Solis
319 1806 427 1833 amor
459 1795 614 1834 fuerat:
647 1795 920 1846 stimulataque
951 1795 1110 1846 paelicis
1141 1796 1198 1834 ira

186 1852 326 1904 Vulgat
356 1853 591 1892 adulterium
609 1885 621 1906 ,
653 1853 970 1904 diffamatumque
1002 1855 1156 1905 parenti

186 1911 336 1950 Indicat
355 1942 363 1951 .
400 1912 464 1950 ille
497 1913 606 1950 ferox
637 1913 987 1962 inmansuetusque
1018 1918 1244 1963 precantem

186 1970 509 2021 Tendentemque
541 1982 679 2009 manus
711 1970 757 2009 ad
788 1970 934 2009 lumina
968 1970 1069 2009 Solis
1102 1976 1141 2010 et
1172 1967 1267 2009 “ille

185 2028 271 2067 Vim
302 2029 392 2068 tulit
421 2025 596 2068 invitae''
630 2029 825 2068 dicentem
857 2028 1003 2068 defodit
1035 2029 1110 2068 alta

99 2095 165 2127 240
186 2086 341 2126 Crudus
361 2088 480 2126 humo
494 2119 505 2140 ‚
525 2087 798 2138 tumulumque
820 2100 939 2139 super
958 2089 1086 2138 gravis
1101 2087 1207 2126 addit
1219 2087 1387 2127 harenae
1400 2118 1408 2127 .

184 2145 356 2197 Dissipat
386 2146 492 2184 hunc
524 2146 643 2185 radiis
675 2146 898 2197 Hyperione
930 2152 1074 2198 natus,
1105 2147 1261 2197 iterque

184 2203 256 2242 Dat
287 2204 358 2243 tibi
376 2236 387 2257 ‚
420 2216 495 2255 qua
526 2206 654 2255 possis
687 2205 864 2243 defossos
896 2216 1079 2255 promere
1111 2205 1265 2257 vultus;

183 2262 264 2301 Nec
297 2269 339 2301 tu
372 2264 446 2301 iam
478 2270 636 2314 poteras
668 2268 851 2302 enectum
876 2262 1050 2314 pondere
1083 2268 1211 2302 terrae

182 2319 362 2373 Tollere,
387 2321 579 2373 nympha,
606 2327 723 2372 caput
737 2352 748 2374 ,
776 2333 998 2374 corpusque
1020 2333 1215 2373 exsangue
1235 2320 1407 2360 iacebas.
