1554 2563
520 96 606 132 VIII
624 125 632 140 ,
659 101 845 133 205—278
861 126 869 134 .
1014 111 1143 134 panon<
1287 99 1366 141 157

145 207 378 258 Progeniem
409 219 593 259 germana
625 219 735 247 suam
753 239 765 260 ‚
796 207 990 248 natalibus
1022 210 1117 249 actis

147 265 210 304 Bis
241 278 409 318 puerum
442 268 547 306 senis
566 298 577 318 ,
609 267 727 305 animi
758 266 805 306 ad
836 275 1045 320 praecepta
1078 269 1252 321 capacis.

148 324 213 363 llle
246 325 363 364 etiam
394 324 522 363 medio
555 327 686 377 spinas
717 327 758 364 in
789 327 897 377 pisce
929 333 1083 366 notatas

57 391 124 422 245
145 383 281 422 Traxit
311 385 351 422 in
384 384 636 436 exemplum,
670 385 854 435 ferroque
887 385 1025 425 incidit
1056 391 1170 426 acuto

145 441 365 493 Perpetuos
397 441 535 482 dentes
567 449 607 482 et
639 455 770 482 serrae
803 445 978 495 repperit
1009 457 1148 484 usum.

145 500 302 540 Primus
335 506 374 540 et
405 513 451 540 ex
486 513 564 540 uno
596 501 673 540 duo
706 502 835 541 ferrea
866 502 1049 542 bracchia
1080 503 1182 543 nodo

145 558 304 612 vinxit,
336 566 380 599 ut
411 560 561 611 aequali
595 562 719 612 spatio
752 561 988 601 distantibus
1020 562 1095 601 illis

145 617 275 657 Altera
307 631 397 670 pars
429 625 580 672 staret,
610 631 701 671 pars
734 619 854 659 altera
887 620 1052 660 duceret
1083 620 1242 660 orbem.

56 684 124 716 250
146 676 335 716 Daedalus
366 677 534 730 invidit,
564 689 752 730 sacraque
785 691 831 718 ex
862 691 951 718 arce
983 679 1178 719 Minervae

145 735 404 788 Praecipitem
430 738 558 788 misit,
578 736 729 789 lapsum
756 740 967 778 mentitus.
993 745 1032 778 at
1050 739 1161 778 illum
1201 748 1230 774 r.
1252 749 1354 774 cxxvii

146 794 253 840 Quae
286 795 388 834 favet
419 797 586 846 ingeniis
610 827 622 849 ,
653 798 807 848 excepit
838 797 962 836 Pallas
983 829 995 850 ,
1027 810 1215 849 avemque

146 853 359 906 Reddidit,
391 862 431 893 et
463 854 591 893 medio
623 855 763 894 velavit
793 857 832 894 in
865 859 955 895 aere
987 858 1151 908 pennis.

149 912 225 951 Sed
260 914 369 964 vigor
402 915 547 964 ingenii
579 913 776 965 quondam
807 914 951 953 velocis
983 917 1024 954 in
1056 915 1134 954 alas

59 979 124 1011 255
144 971 266 1023 Inque
299 971 419 1022 pedes
452 971 575 1011 abiit:
607 984 750 1011 nomen
783 973 886 1024 quod
919 979 959 1012 et
990 980 1078 1013 ante
1097 1006 1108 1027 ‚
1140 976 1349 1014 remansit.

145 1030 231 1069 Non
264 1037 393 1070 tamen
427 1030 521 1070 haec
554 1031 628 1070 alte
660 1031 830 1071 volucris
863 1044 931 1071 sua
964 1045 1131 1084 corpora
1162 1033 1287 1085 tollit,

148 1088 229 1128 Nec
261 1089 354 1129 facit
385 1091 424 1128 in
457 1091 576 1128 ramis
608 1089 764 1142 altoque
797 1092 1000 1130 cacumine
1032 1091 1169 1143 nidos;

147 1147 314 1199 Propter
346 1148 509 1188 humum
541 1148 703 1201 volitat,
734 1151 924 1200 ponitque
954 1151 995 1189 in
1027 1149 1213 1202 saepibus
1244 1163 1338 1202 ova,

147 1208 386 1258 Antiquique
420 1219 570 1246 memor
602 1209 744 1247 metuit
776 1207 956 1247 sublimia
989 1220 1127 1249 casus.

59 1274 127 1305 260
205 1265 364 1317 Iamque
396 1266 599 1318 fatigatum
631 1266 747 1306 tellus
778 1268 949 1306 Aetnaea
980 1267 1141 1307 tenebat

149 1324 342 1364 Daedalon
361 1356 373 1378 ‚
405 1331 445 1364 et
475 1326 643 1377 sumptis
675 1337 746 1377 pro
779 1325 956 1377 supplice
989 1325 1154 1365 Cocalus
1187 1329 1303 1365 armis

147 1383 250 1422 Mitis
282 1382 528 1423 habebatur:
560 1386 637 1423 iam
668 1383 916 1424 lamentabiIe
947 1384 1122 1424 Athenae

148 1441 325 1481 Pendere
357 1442 557 1481 desierant
587 1442 739 1481 Thesea
772 1442 884 1482 laude
916 1443 1132 1483 tributum.

147 1500 307 1552 Templa
339 1507 608 1554 coronantur,
639 1501 959 1553 bellatricemque
992 1501 1205 1542 Minervam

59 1567 126 1599 265
149 1559 246 1598 Cum
278 1559 366 1598 Iove
399 1559 537 1610 disque
570 1566 710 1598 vocant
741 1559 824 1598 aliis
843 1591 854 1611 ‚
886 1572 984 1611 quos
1017 1563 1207 1611 sanguine
1239 1567 1327 1601 voto

148 1617 458 1669 Muneribusque
494 1618 593 1657 datis
626 1624 665 1657 et
696 1620 842 1657 acerris
875 1620 976 1657 turis
1008 1619 1193 1659 adorant.

151 1676 357 1728 Sparserat
388 1677 588 1728 Argolicas
620 1689 763 1716 nomen
796 1689 889 1728 vaga
922 1678 1021 1716 sama
1052 1690 1124 1729 per
1155 1678 1275 1718 urbes

148 1735 322 1774 Theseos
341 1767 352 1788 ‚
384 1742 424 1774 et
454 1735 588 1787 populi
606 1767 617 1788 ,
649 1748 747 1787 quos
780 1735 887 1774 dives
919 1736 1062 1775 Achaia
1093 1738 1222 1790 cepit,

32 1837 34 1839 ,
149 1793 275 1833 Huius
307 1806 420 1845 opem
453 1796 602 1845 magnis
633 1794 878 1846 inploravere
910 1795 1092 1846 periclis.

62 1861 129 1892 270
150 1852 276 1892 Huius
308 1865 423 1904 opem
455 1852 624 1905 Calydon
643 1885 654 1906 ,
688 1854 863 1904 quamvis
893 1852 1117 1905 Meleagron
1148 1853 1334 1907 haberet,

151 1910 324 1951 Sollicita
355 1911 520 1963 supplex
550 1913 664 1963 petiit
695 1924 813 1963 prece
834 1942 842 1950 .
881 1923 997 1951 causa
1028 1912 1189 1963 petendi

153 1970 229 2009 Sus
261 1975 374 2022 erat,
405 1971 570 2009 infestae
602 1970 771 2009 famulus
804 1969 1022 2021 vindexque
1054 1970 1221 2010 Dianae.

150 2027 281 2067 Oenea
313 2040 481 2080 namque
513 2029 647 2068 ferunt
677 2029 783 2080 pleni
815 2028 1066 2067 successibus
1098 2031 1188 2068 anni

150 2086 348 2126 Primitias
380 2088 539 2138 frugum
570 2087 735 2139 Cereri,
767 2099 837 2126 sua
869 2089 958 2126 vina
990 2087 1141 2140 Lyaeo,

63 2153 129 2185 275
150 2144 340 2184 Palladios
371 2146 490 2185 ssavae
521 2146 657 2185 latices
688 2145 829 2185 libasse
862 2145 1081 2185 Minervae.

152 2203 322 2255 Coeptus
355 2204 402 2243 ab
433 2204 613 2256 agricolis
646 2216 811 2256 superos
843 2206 1023 2255 pervenit
1055 2203 1101 2242 ad
1134 2216 1269 2244 omnes

151 2262 390 2302 Ambitiosus
422 2262 578 2302 honor:
610 2263 711 2302 solas
743 2264 826 2302 sine
859 2269 948 2301 ture
980 2262 1136 2302 relictas

151 2320 389 2361 Praeteritae
422 2332 597 2361 cessasse
629 2322 763 2360 serunt
793 2319 976 2360 Latoidos
1008 2333 1118 2361 aras.
