1554 2563
608 117 625 151 1
640 143 651 160 ‚
679 121 862 152 178-—251
878 145 886 153 .
1073 130 1205 153 meson
1398 117 1422 157 ’Ζ

113 237 178 268 215
201 227 471 267 Enumerare.
510 229 638 266 minor
670 227 747 266 fuit
778 228 862 278 ipsa
892 229 1049 266 infamia
1075 239 1191 267 vero.

198 286 369 326 Maenala
401 286 632 325 transieram
664 285 823 324 latebris
853 286 1049 325 horrenda
1081 286 1254 325 serarum

198 345 249 384 Et
280 357 369 384 cum
402 343 558 395 Cyllene
590 344 707 396 gelidi
738 347 870 396 pineta
901 344 1064 396 Lycaei:

199 403 361 443 Arcadis
392 402 484 442 hinc
516 402 630 442 sedes
662 410 701 442 et
732 403 928 455 inhospita
961 409 1063 442 tecta
1094 405 1249 455 tyranni

199 462 404 513 Ingredior
422 494 432 513 ,
465 461 668 500 traherent
699 474 789 501 cum
821 474 907 501 sera
934 462 1166 513 crepuscula
1199 467 1378 502 noctem.

113 529 181 561 220
203 521 320 572 Signa
353 519 472 572 dedi,
504 522 656 559 venisse
689 520 807 559 deum
826 553 836 573 ,
869 520 1086 572 vulgusque
1118 522 1272 572 precari

200 579 420 631 Coeperat.
457 579 597 618 irridet
627 580 753 631 primo
785 581 848 631 pia
880 584 968 618 vota
999 579 1177 632 Lycaon,

199 638 287 677 Mox
320 639 372 677 ait
405 634 616 689 “experiar
635 669 646 691 ‚
677 638 774 677 deus
806 639 869 677 hic
888 670 898 690 ‚
930 638 1157 677 discrimine
1190 645 1351 690 aperto,

199 697 259 735 An
291 698 342 736 sit
372 696 576 736 mortalis.
616 708 689 736 nec
721 698 797 736 erit
827 696 1041 736 dubitabile
1073 709 1210 736 verum
1227 694 1266 736 .'’

200 755 324 794 Nocte
355 767 512 806 gravem
544 767 680 794 somno
713 757 905 807 necopina
935 754 1102 807 perdere
1134 761 1262 795 morte

113 821 181 854 225
200 814 260 853 Me
292 820 431 865 parat:
462 814 558 853 haec
589 814 644 852 illi
675 814 803 866 placet
834 816 1074 866 experientia
1104 816 1211 853 veri„

201 872 283 912 Nec
315 878 525 912 contentus
557 885 603 912 eo
622 905 633 925 ,
666 875 774 912 missi
806 873 853 912 de
886 878 1001 924 gente
1033 873 1199 912 Molossa

200 930 357 970 Obsidis
390 933 506 970 unius
536 931 714 983 iugulum
746 944 934 971 mucrone
961 932 1144 984 resolvit,

200 990 327 1040 Atque
359 991 412 1029 ita
444 992 661 1029 semineces
693 992 836 1041 partim
868 990 1111 1029 ferventibus
1143 996 1252 1030 artus

200 1048 324 1087 Mollit
355 1050 466 1099 aquis
486 1081 496 1101 ‚
528 1050 670 1100 partim
703 1048 880 1088 subiecto
913 1050 1058 1087 torruit
1088 1050 1192 1099 igni.

112 1114 182 1147 230
203 1107 310 1153 Quos
337 1107 453 1146 simul
484 1109 659 1158 inposuit
690 1109 866 1160 mensis,
899 1119 970 1159 ego
1002 1106 1154 1146 vindice
1187 1107 1339 1146 flamma

202 1165 246 1204 In
279 1165 481 1205 dominum
513 1165 731 1216 dignosque
764 1168 887 1205 everti
919 1172 1022 1205 tecta
1054 1165 1246 1206 Penates.

201 1224 384 1263 Territus
415 1226 499 1276 ipse
532 1225 631 1275 sugit
650 1257 661 1277 ,
693 1231 911 1276 nactusque
944 1224 1098 1263 silentia
1130 1226 1235 1263 ruris

201 1282 385 1322 Exululat
403 1314 414 1335 ,
446 1284 671 1334 frustraque
704 1284 811 1334 loqui
843 1289 1038 1335 conatur3
1070 1282 1117 1322 ab
1149 1285 1235 1334 ipso

203 1341 359 1392 Colligit
389 1353 433 1380 os
464 1341 613 1380 rabiem
632 1374 643 1394 ‚
676 1341 892 1393 solitaeque
925 1341 1109 1393 cupidine
1143 1341 1272 1381 caed1s

115 1408 183 1440 235
202 1399 378 1439 Vertitur
397 1401 437 1439 in
456 1400 629 1451 pecudes
648 1433 659 1453 ‚
686 1407 725 1439 et
744 1413 849 1440 nunc
870 1412 1027 1452 quoque
1049 1401 1238 1451 sanguine
1264 1399 1431 1453 gaudet3

202 1458 245 1498 ln
276 1458 387 1497 villos
419 1458 566 1498 abeunt
597 1466 725 1498 vestes
745 1491 756 1511 ,
786 1461 827 1498 in
859 1471 976 1498 crura
1006 1459 1165 1498 lacerti:

202 1516 265 1555 Fit
296 1517 412 1568 lupus
432 1549 443 1569 ,
474 1524 514 1556 et
544 1519 688 1556 veteris
721 1523 849 1556 servat
880 1519 1042 1568 vestigia
1074 1518 1247 1558 formae.
1326 1525 1356 1553 i.
1377 1525 1425 1553 v!-

203 1574 375 1615 Canities
407 1575 542 1614 eadem
574 1583 663 1628 est,
695 1576 829 1614 eadem
862 1575 1044 1614 violentia
1075 1576 1230 1629 vultus,

202 1633 310 1673 Idem
342 1634 447 1673 oculi
478 1634 641 1686 lucent,
673 1634 808 1673 eadem
841 1635 1007 1673 feritatis
1039 1636 1188 1685 imago.

119 1700 188 1732 240
208 1692 363 1732 Occidit
392 1705 469 1732 una
500 1693 670 1732 domus:
703 1693 771 1732 sed
803 1705 881 1731 non
914 1693 1052 1732 domus
1085 1705 1161 1731 una
1193 1694 1325 1744 perire

205 1751 327 1802 Digna
358 1752 461 1791 fuit:
494 1764 568 1802 qua
600 1757 705 1790 terra
736 1757 873 1804 patet,
905 1751 987 1790 sera
1018 1757 1157 1803 regnat
1188 1750 1354 1805 Erinys3

204 1809 248 1849 In
279 1810 431 1849 facinus
450 1811 600 1849 iurasse
632 1816 748 1862 putes
769 1841 778 1849 .
816 1809 911 1849 dent
941 1811 1052 1849 ocius
1083 1822 1220 1849 omnes

205 1867 310 1914 Quas
342 1880 524 1908 meruere
556 1870 666 1922 pati,
698 1870 754 1908 sic
787 1874 863 1908 stat
894 1870 1117 1921 sententia,
1148 1880 1295 1920 poenas
1311 1865 1336 1908 .'

207 1926 316 1966 Dicta
347 1926 448 1966 lovis
479 1939 570 1979 pars
602 1939 695 1966 voce
727 1927 896 1979 probant
927 1927 1186 1978 stimulosque
1218 1927 1403 1967 frementi

117 1992 184 2024 245
205 1985 390 2025 Adiciunt
408 2017 425 2037 ,
450 1986 514 2024 alii
544 1992 676 2038 partes
708 1985 935 2025 assensibus
966 1985 1153 2037 implent.

208 2043 280 2082 Est
310 2049 441 2083 tamen
473 2044 633 2083 humani
664 2046 820 2097 generis
853 2046 1003 2083 iactura
1034 2043 1161 2082 dolori

207 2101 397 2142 Omnibus
417 2134 428 2155 ,
459 2109 527 2156 et,
559 2115 658 2154 quae
691 2105 741 2142 sit
771 2110 900 2142 terrae
933 2102 1164 2141 mortalibus
1195 2101 1313 2142 orbae

205 2160 344 2200 Forma
377 2162 510 2200 futura
528 2193 539 2214 ‚
570 2168 738 2213 rogant:
771 2163 858 2213 quis
891 2162 942 2200 sit
972 2160 1124 2200 laturus
1156 2162 1197 2200 in
1228 2173 1314 2200 aras

205 2218 310 2258 Tura
330 2217 352 2258 ⁴?
383 2220 530 2259 ferisne
561 2227 674 2272 paret
703 2219 946 2272 populandas
977 2219 1134 2259 tradere
1164 2216 1327 2259 terras?

118 2284 186 2317 250
206 2277 312 2317 Talia
344 2284 609 2331 quaerentes,
642 2278 716 2317 sibi
748 2280 852 2317 enim
877 2278 961 2316 fore
995 2284 1125 2317 cetera
1157 2290 1300 2331 curae,

205 2335 289 2375 Rex
321 2348 509 2389 superum
540 2337 737 2389 trepidare
769 2341 903 2390 vetat,
933 2335 1189 2388 subolemque
1221 2336 1346 2389 priori
