1554 2563
562 111 629 147 VII
645 140 653 155 ,
683 116 868 148 339—412
883 140 891 149 .
1025 124 1177 147 ‘rm-:mus
1320 110 1400 152 137

174 220 352 260 Praemia
382 223 560 273 poscenti
591 227 748 261 taurum
780 234 963 274 suprema
995 221 1182 273 negabat.

176 279 243 318 llle
275 280 499 331 indignatus
531 277 682 332 ‘cupies
714 277 822 318 dare’
856 280 982 332 dixit,
1014 287 1053 319 et
1084 280 1159 319 alto

175 337 343 378 Desiluit
373 350 465 377 saxo
486 370 494 377 .
533 340 666 378 cuncti
697 338 886 378 cecidisse
917 338 1131 391 putabant:

175 395 318 436 Factus
349 397 433 436 olor
464 399 587 436 niveis
612 397 810 449 pendebat
840 399 880 436 in
912 401 1000 437 aere
1026 398 1189 448 pennis.
1277 405 1304 429 f·
1325 403 1401 430 evii.

89 463 156 493 380
175 455 224 494 At
254 457 432 507 genetrix
462 455 581 507 Hyrie
599 487 610 508 ‚
642 457 790 495 servari
821 457 952 495 nescia
970 487 982 509 ,
1012 455 1140 494 ssendo
1261 463 1293 488 r.
1313 461 1400 488 cviii·

176 513 364 566 Dilicuit‚
395 520 655 565 stagnumque
688 527 759 554 suo
792 515 840 554 de
872 516 1029 553 nomine
1062 515 1176 553 fecit.

176 572 335 612 Adiacet
365 572 425 612 his
456 573 628 612 Pleuron
647 604 658 626 ‚
689 574 730 612 in
762 585 838 625 qua
870 572 1158 625 trepidantibus
1191 572 1261 610 alis

176 629 321 682 Ophias
353 632 490 683 effugit
519 638 702 671 natorum
733 632 895 671 vulnera
927 631 1096 671 Combe.
1286 642 1316 663 t·
1336 638 1398 663 cix-

177 688 271 728 Inde
305 689 515 729 Calaureae
546 689 729 730 Letoidos
762 692 900 742 aspicit
931 702 1045 741 arva,

87 747 218 787 3851n
250 748 450 788 volucrem
481 751 585 788 versi
615 761 705 788 cum
732 751 897 801 coniuge
929 749 1085 788 conscia
1117 748 1244 799 regis.
1299 755 1328 780 r.
1348 762 1402 781 ox·

176 806 343 846 Dextera
375 806 531 858 Cyllene
564 814 653 860 est,
684 809 724 847 in
763 820 838 859 qua
876 819 966 847 cum
1004 812 1127 845 matre
1159 804 1400 856 Menephron

176 865 469 915 concubiturus
501 873 585 906 erat
616 879 818 906 saevarum
850 879 959 905 more
992 867 1186 905 ferarum.
1289 872 1317 898 f.
1337 871 1402 897 oxi-

176 923 373 976 Cephison
403 925 542 976 procul
573 925 665 964 hinc
697 925 906 964 deflentem
939 925 1015 964 sata
1047 924 1202 975 nepotis

175 982 352 1035 Respicit
375 984 415 1022 in
442 983 629 1022 tumidam
655 983 807 1036 phocen
834 983 880 1023 ab
907 982 1084 1035 Apolline
1110 982 1236 1021 versi:
1275 989 1304 1014 t.
1325 988 1403 1014 exss-

89 1048 157 1080 390
176 1040 408 1092 Eumelique
440 1042 599 1081 domum
630 1042 799 1093 lugentis
831 1044 872 1081 in
904 1046 993 1081 aere
1025 1046 1183 1080 natum.
1263 1048 1292 1073 r·
1312 1047 1403 1073 exiii·

177 1099 351 1139 Tandem
382 1101 550 1152 vipereis
582 1100 766 1152 Ephyren
798 1100 980 1140 Pirenida
1012 1100 1152 1152 pennis

178 1157 379 1210 Contigit.
417 1158 482 1198 hic
514 1171 606 1197 aevo
640 1165 793 1198 veteres
826 1159 1002 1198 mortalia
1034 1159 1160 1210 primo

178 1216 351 1269 Corpora
382 1217 590 1269 vulgarunt
620 1217 853 1269 pluvialibus
885 1217 989 1256 edita
1021 1217 1175 1267 fungis.
1266 1223 1404 1249 ¹·cx1v.

179 1274 256 1314 Sed
286 1281 494 1327 postquam
527 1276 680 1315 Colchis
713 1278 807 1315 arsit
840 1288 937 1315 nova
970 1281 1090 1327 nupta
1122 1274 1306 1325 venenis,

91 1340 158 1372 395
178 1333 502 1386 Flagrantemque
535 1334 694 1374 domum
724 1336 829 1386 regis
861 1347 968 1374 mare
1000 1333 1095 1373 vidit
1125 1339 1364 1383 utrumque,

181 1392 377 1444 Sanguine
409 1399 589 1432 natorum
622 1394 874 1444 perfunditur
904 1394 1048 1444 impius
1080 1392 1211 1443 ensis,

179 1450 345 1503 Ultaque
377 1463 419 1490 se
451 1452 549 1491 male
582 1458 707 1491 mater
738 1451 886 1491 Iasonis
918 1453 1055 1502 ess'ugit
1086 1461 1216 1488 arma.

181 1509 280 1548 Hinc
311 1508 522 1549 Titaniacis
555 1509 680 1549 ablata
712 1509 948 1549 draconibus
979 1511 1101 1548 intrat

180 1568 368 1607 Palladias
394 1580 534 1608 arces:
559 1581 658 1620 quae
690 1574 729 1608 te
748 1600 759 1621 ,
790 1569 1004 1608 iustissima
1029 1567 1186 1618 Phene,
1283 1574 1311 1600 ¹.
1331 1581 1404 1600 cxv-

93 1633 160 1665 400
178 1626 338 1679 Teque,
365 1639 484 1666 senex
503 1626 694 1679 Peripha,
719 1629 867 1679 pariter
886 1626 1018 1665 videre
1038 1625 1234 1676 volantes,
1273 1633 1300 1657 r·
1320 1632 1406 1659 cxvi.

180 1685 433 1737 Innixamque
465 1687 575 1725 novis
606 1691 764 1737 neptem
796 1685 1069 1737 Polypemonis
1100 1683 1193 1723 alis.
1255 1690 1286 1716 1·
1305 1690 1406 1718 exvii-

180 1743 336 1796 Excipit
366 1744 466 1783 hanc
491 1746 644 1795 Aegeus
670 1766 725 1772 —
753 1744 853 1783 facto
886 1743 1128 1783 damnandus
1159 1743 1200 1781 in
1226 1753 1330 1794 uno,
1351 1762 1405 1769 —

180 1801 262 1841 Nec
282 1804 375 1842 satis
395 1802 607 1855 hospitium
627 1808 710 1842 est:
729 1802 886 1841 thalami
905 1814 1062 1854 quoque
1081 1799 1240 1840 foedere
1260 1801 1407 1851 iungit(

181 1860 340 1912 Iamque
372 1861 506 1900 aderat
536 1862 713 1900 Theseus
733 1893 743 1913 ,
774 1861 905 1913 proles
936 1863 1070 1912 ignara
1100 1860 1282 1911 parenti,

94 1927 162 1958 405
183 1919 260 1965 Qui
290 1921 434 1959 virtute
466 1932 535 1959 sua
567 1920 757 1959 bimarem
788 1925 993 1971 pacaverat
1023 1918 1221 1957 Isthmon.

182 1977 307 2017 Huius
338 1979 379 2017 in
411 1980 574 2018 exitium
604 1980 743 2018 miscet
772 1977 907 2017 Medea
941 1977 1044 2028 quod
1076 1977 1169 2015 olim

189 2036 376 2077 Attulerat
406 2049 541 2076 secum
568 2037 761 2089 Scythicis
794 2038 974 2075 aconiton
1008 2035 1054 2074 ab
1087 2036 1190 2073 oris.

183 2093 281 2134 sslud
311 2094 533 2134 Echidneae
565 2101 784 2135 memorant
816 2107 836 2133 e
867 2093 1051 2133 dentibus
1083 2099 1214 2132 ortum

183 2151 280 2192 Esse
312 2155 448 2193 canis,
488 2166 630 2206 specus
662 2160 722 2193 est
754 2152 963 2193 tenebroso
996 2164 1136 2191 caecus
1168 2151 1275 2189 hiatu

102 2219 163 2251 tto
183 2210 233 2250 Et
262 2212 322 2251 via
353 2211 513 2252 declivis
531 2244 543 2265 ‚
573 2225 645 2264 per
677 2224 793 2263 quam
824 2210 1053 2262 Tirynthius
1084 2210 1202 2249 heros

182 2269 411 2310 Restantem
443 2276 658 2322 contraque
691 2270 793 2309 diem
827 2270 1034 2321 radiosque
1065 2271 1254 2309 micantes

184 2327 460 2380 obliquantem
492 2329 626 2368 oculos
659 2330 769 2368 nexis
802 2329 1002 2369 adamante
1035 2329 1182 2368 catenis
