1554 2563
609 122 657 157 VI
672 150 680 165 ‚
708 126 893 158 187—260
907 151 914 159 .
1047 136 1214 159 monime
1343 123 1424 164 113

202 231 233 271 E
266 231 408 283 quibus
440 231 614 272 Ismenos
633 264 644 286 ,
676 234 743 284 qui
775 234 891 272 matri
922 234 1074 272 sarcina
1107 233 1301 285 quondam

114 298 182 329 225
203 290 332 330 Prima
364 302 456 330 suae
489 291 616 331 suerat
634 323 645 343 ,
677 291 770 330 dum
803 297 956 331 certum
986 291 1111 331 flectit
1140 294 1180 331 in
1213 292 1349 331 orbem

204 349 475 401 Quadrupedis
508 361 649 389 cursus
666 381 678 402 ,
710 352 1008 402 spumantiaque
1041 362 1109 390 ora
1140 354 1320 402 coercet,

203 405 264 446 ‘Ei
295 408 392 446 mihi
413 405 438 447 1'
471 408 716 461 conclamat,
747 409 956 460 medioque
986 411 1027 448 in
1058 414 1220 461 pectore
1250 410 1324 448 fixa

201 466 294 505 Tela
325 468 455 520 gerit,
486 467 687 518 frenisque
719 478 836 506 manu
867 468 1060 507 moriente
1091 469 1267 507 remissis

202 525 244 564 ln
277 524 377 565 latus
409 537 429 564 a
461 525 598 565 dextro
632 526 816 577 paulatim
848 526 985 565 defluit
1015 538 1146 566 armo.

113 592 181 623 <230
201 583 438 636 Proximus,
470 584 601 625 audito
634 586 765 624 sonitu
796 597 868 636 per
899 586 1014 624 inane
1045 585 1271 637 pharetrae,

202 642 328 681 Frena
360 642 474 682 dabat
506 642 690 695 Sipylus:
722 642 840 682 veluti
875 655 964 683 cum
994 646 1197 695 praescius
1228 643 1365 684 imbris

202 700 313 745 Nube
346 701 446 752 sugit
476 703 556 740 visa
575 733 586 754 ,
617 702 907 754 pendentiaque
940 703 1114 754 undique
1146 708 1278 742 rector

201 759 368 799 Carbasa
400 760 588 812 deducit,
620 772 668 799 ne
702 773 777 812 qua
809 761 903 800 levis
936 761 1070 801 effluat
1101 773 1216 801 aura.

200 818 326 857 Frena
358 818 501 858 dabat:
534 819 690 858 dantem
723 832 800 858 non
832 819 1011 859 evitabile
1042 819 1165 859 telum

111 885 179 916 235
202 877 494 929 Consequitur,
533 890 763 929 summaque
795 884 969 918 tremens
1001 880 1153 918 cervice
1185 880 1322 930 sagitta

201 935 363 988 Haesit,
395 942 435 975 et
465 936 620 976 extabat
651 937 799 977 nudum
832 937 879 976 de
911 942 1071 989 gutture
1103 938 1276 977 ferrum.

202 994 268 1034 llle
288 1026 299 1047 ,
331 1001 375 1034 ut
406 1001 519 1048 erat,
549 1007 698 1047 pronus
730 1008 802 1047 per
833 1008 948 1035 crura
981 996 1115 1036 adnisa
1145 995 1335 1048 iubasque

201 1052 403 1106 Volvitur,
435 1060 475 1093 et
505 1054 629 1093 calido
662 1054 842 1094 tellurem
874 1056 1063 1106 sanguine
1095 1055 1246 1094 foedat.

201 1111 434 1151 Phaedimus
465 1113 599 1152 infelix
632 1119 672 1152 et
702 1114 792 1152 aviti
824 1115 993 1152 nominis
1024 1112 1140 1152 heres

113 1179 182 1211 240
202 1170 416 1224 Tantalus,
449 1177 493 1211 ut
524 1171 638 1210 solito
670 1172 787 1210 finem
819 1173 1030 1224 inposuere
1062 1171 1211 1224 labori,

199 1229 454 1269 Transierant
484 1229 530 1269 ad
564 1242 662 1282 opus
694 1231 837 1270 nitidae
869 1230 1045 1270 iuvenale
1077 1230 1317 1282 palaestraez

200 1288 249 1327 Et
279 1290 355 1327 iam
387 1288 636 1328 contulerant
667 1295 751 1328 arto
783 1289 970 1328 luctantia
1001 1302 1104 1329 nexu

199 1347 364 1386 Pectora
396 1347 623 1399 pectoribus
643 1380 653 1400 ,
685 1360 774 1387 cum
807 1354 915 1387 tento
947 1349 1100 1387 concita
1132 1360 1276 1402 nervo,

201 1406 311 1445 Sicut
342 1412 454 1445 erant
484 1407 608 1446 iuncti
626 1438 637 1458 ,
669 1408 822 1446 traiecit
853 1413 1065 1458 utrumque
1099 1409 1259 1458 sagitta.

110 1473 178 1503 245
199 1464 430 1515 Ingemuere
463 1465 607 1515 simul,
639 1465 755 1504 simul
786 1467 987 1505 incurvata
1017 1465 1152 1504 dolore

200 1523 372 1563 Membra
404 1523 486 1562 solo
518 1535 716 1575 posuere3
749 1524 864 1563 simul
895 1535 1078 1576 suprema
1108 1525 1282 1564 iacentes

200 1582 364 1621 Lumina
396 1588 604 1621 versarunt
622 1614 633 1634 ,
665 1584 830 1622 animam
863 1582 978 1622 simul
1010 1582 1262 1622 exhalarunt.

199 1642 348 1692 Aspicit
378 1640 575 1692 Alphenor
594 1672 604 1692 ,
636 1641 854 1692 laniataque
886 1647 1045 1692 pectora
1076 1641 1264 1693 plangens

200 1699 388 1751 Advolat,
420 1706 464 1738 ut
494 1699 642 1750 gelidos
675 1699 929 1752 conplexibus
961 1699 1100 1739 allevet
1130 1706 1264 1754 artus,

112 1759 322 1810 2501nque
355 1759 418 1809 pio
451 1758 554 1797 cadit
586 1758 744 1810 offici03
776 1770 865 1797 nam
891 1758 1023 1797 Delius
1055 1758 1111 1797 illi

200 1817 340 1856 intima
372 1817 526 1856 fatifero
560 1819 666 1868 rupit
697 1817 925 1868 praecordia
957 1818 1086 1856 ferro.

200 1876 313 1922 Quod
345 1876 460 1915 simul
492 1876 707 1928 eductum,
738 1888 830 1927 pars
861 1882 922 1915 est
951 1876 1149 1928 pulmonis
1180 1878 1220 1916 in
1252 1876 1376 1917 hamis

199 1934 321 1974 Eruta
340 1966 351 1987 ‚
383 1946 552 1986 cumque
584 1936 711 1973 anima
744 1946 862 1974 cruor
894 1940 955 1974 est
986 1935 1134 1974 effusus
1165 1937 1206 1974 in
1238 1948 1375 1976 auras.

198 1994 247 2033 At
277 2006 356 2033 non
387 1995 588 2032 intonsum
619 1993 783 2044 simplex
815 1992 1139 2032 Damasichthona
1170 1994 1311 2033 vulnus

112 2059 176 2091 255
199 2052 356 2091 Asficit.
394 2053 496 2091 ictus
528 2059 641 2104 erat,
673 2064 749 2103 qua
781 2064 873 2091 crus
905 2064 991 2092 esse
1023 2053 1190 2104 incipit,
1222 2059 1262 2092 et
1292 2065 1368 2104 qua

198 2111 325 2150 Mollia
357 2122 546 2150 nervosus
579 2112 672 2149 facit
701 2110 921 2150 internodia
952 2110 1110 2162 poples.

200 2169 377 2221 Dumque
410 2181 527 2209 manu
559 2175 724 2221 temptat
755 2169 911 2208 trahere
943 2168 1138 2209 exitIabile
1171 2169 1317 2223 telum,

198 2228 328 2267 Altera
359 2240 430 2279 per
462 2227 639 2279 iugulum
670 2230 811 2279 pennis
843 2233 959 2268 tenus
992 2234 1076 2268 acta
1108 2230 1248 2280 sagitta
1280 2235 1362 2269 est.

196 2286 355 2338 Expulit
386 2287 486 2326 hanc
518 2288 676 2338 sanguis
695 2319 706 2338 ‚
738 2298 858 2337 seque
891 2287 1105 2327 eiaculatus
1135 2288 1177 2326 in
1208 2287 1328 2327 altum

110 2353 177 2385 260
196 2344 376 2397 Emicat,
407 2352 447 2385 et
477 2345 591 2398 longe
622 2344 819 2384 terebrata
850 2346 1004 2398 prosilit
1034 2359 1151 2387 aura.

149 2417 264 2445 ovn).
284 2418 335 2445 11.
1117 2418 1137 2447 8
