1554 2563
183 127 265 168 302
395 141 600 163 ANAXARETE
729 128 943 163 METAMM
959 158 966 165 .

296 237 401 288 lphis
421 270 431 290 ,
463 245 501 277 et
534 244 622 277 ante
655 238 758 277 fores
790 238 885 277 haec
917 238 1033 277 verba
1067 241 1274 278 novissima
1308 238 1428 278 dixit:

298 293 459 335 “Vincis
479 328 489 348 ‚
521 296 735 336 Anaxarete
754 328 766 349 ‚
797 309 923 348 neque
958 303 1074 336 erunt
1105 297 1175 336 tibi
1207 297 1331 336 taedia
1363 297 1517 336 tandem

297 354 379 393 Ulla
413 355 571 393 ferenda
604 356 708 394 mei.
754 356 875 394 laetos
909 355 1045 394 molire
1078 356 1324 408 triumphos,

211 421 276 451 7⁵30
297 413 346 452 Et
376 413 527 452 Paeana
560 425 682 467 voca,
715 414 914 465 nitidaque
947 415 1147 465 incingere
1180 414 1317 453 lauru.

297 471 428 511 Vincis
455 473 557 510 enim
576 503 587 524 ‚
619 474 843 523 moriorque
870 472 996 511 libens
1017 504 1025 512 .
1063 484 1132 524 age
1151 505 1162 525 ‚
1189 473 1344 526 ferrea,
1370 472 1516 524 gaude.

299 530 412 569 Certe
446 530 590 581 aliquid
621 530 777 570 laudare
811 532 887 569 mei
919 533 1070 582 cogeris
1103 533 1268 570 amoris.

300 588 404 638 [Quo
430 588 502 627 tihi
528 590 601 628 sim
620 589 783 642 gratus3
816 591 1076 640 meritumque
1105 589 1275 628 fatebere
1297 595 1474 629 nostrum
1490 589 1517 640 .]

297 647 382 686 Non
415 652 545 686 tamen
577 654 665 687 ante
697 649 754 687 tui
786 659 920 687 curam
953 650 1168 687 excessisse
1202 654 1422 700 memento,

211 712 277 744 725
299 706 423 752 Quam
455 708 601 746 vitam:
632 708 863 758 geminaque
895 706 1010 745 simul
1042 708 1136 745 mihi
1169 707 1255 746 luce
1283 706 1518 746 carendum.

297 764 378 803 Nec
409 764 480 804 tibi
511 765 610 803 fama
643 767 718 803 mei
750 770 913 804 ventura
946 771 1006 804 est
1038 767 1171 804 nuntia
1205 765 1295 818 leti3

298 823 385 874 lpse
418 835 487 875 ego
506 855 518 876 ‚
550 835 599 862 ne
631 823 786 862 dubites
805 855 816 875 ‚
853 823 970 862 adero
989 855 1000 875 ‚
1031 836 1296 875 praesensque
1335 823 1519 875 videbor,

299 881 471 933 Corpore
503 888 547 921 ut
578 883 744 921 exanimi
777 881 948 921 crudelia
981 882 1127 921 lumina
1159 895 1317 934 pascas.

299 939 339 978 Si
372 946 502 980 tamen
521 972 532 993 ‚
565 953 586 979 o
619 942 782 993 superi,
814 940 991 979 mortalia
1023 941 1123 980 facta
1155 941 1319 993 videtis,

211 1005 277 1038 730
298 998 390 1038 Este
422 1001 499 1038 mei
531 1011 724 1038 memores
758 1020 812 1026 —
845 998 940 1037 nihil
973 999 1074 1038 ultra
1106 999 1235 1051 lingua
1268 1001 1420 1051 precari

299 1057 476 1097 Sustinet.
508 1079 563 1085 —
597 1064 635 1097 et
666 1057 781 1109 longo
814 1058 928 1097 facite
961 1063 1005 1097 ut
1036 1070 1243 1098 narremur
1275 1060 1314 1096 in
1347 1070 1464 1097 aevo:

297 1115 374 1167 Et,
407 1128 505 1167 quae
537 1116 760 1168 dempsistis
792 1118 892 1155 vitae
911 1147 922 1168 ‚
954 1116 1041 1155 date
1072 1122 1247 1168 tempora
1280 1114 1459 1155 famae?

299 1173 449 1223 [Dixit.
488 1180 528 1214 et
558 1175 603 1213 ad
636 1181 768 1226 postes
801 1180 959 1214 ornatos
991 1187 1106 1226 saepe
1139 1177 1295 1214 coronis

296 1232 512 1272 Humentes
544 1233 678 1272 oculos
711 1239 749 1272 et
780 1233 919 1284 pallida
951 1232 1107 1272 brachia
1139 1234 1280 1273 tollens
1293 1232 1323 1287 ‚]

210 1298 275 1330 735
298 1291 395 1330 Cum
427 1291 577 1330 foribus
608 1292 735 1342 laquei
768 1291 951 1342 religaret
982 1292 1133 1330 vincula
1167 1294 1353 1344 summis,

298 1347 433 1388 “Haec
465 1350 536 1389 tibi
569 1356 672 1388 serta
703 1349 886 1402 placent,
919 1350 1088 1389 crudelis
1115 1357 1153 1389 et
1179 1352 1294 1402 impia
1314 1347 1368 1389 ‘?”
1395 1350 1516 1403 dixit,

296 1408 544 1459 Inseruitque
578 1413 723 1461 caput,
756 1409 823 1447 sed
855 1414 938 1447 tum
966 1420 1121 1459 quoque
1148 1421 1285 1448 versus
1311 1408 1357 1447 ad
1389 1409 1493 1448 illam

296 1467 422 1518 Atque
455 1478 554 1505 onus
585 1466 719 1505 infelix
751 1466 845 1505 elisa
877 1467 986 1505 fauce
1018 1467 1225 1518 pependit.

296 1525 374 1563 Icta
406 1525 550 1576 pedum
582 1530 689 1564 motu
723 1524 1000 1576 [trepidantem
1035 1531 1072 1564 et
1104 1526 1224 1570 multa
1257 1527 1458 1565 timentem

209 1591 276 1622 740
296 1583 384 1622 Visa
415 1583 570 1623 dedisse
602 1582 761 1634 sonum]
802 1590 891 1636 est,
922 1584 1182 1635 adapertaque
1220 1586 1334 1623 ia-nua
1373 1585 1515 1623 factum

296 1641 473 1681 Prodidit
493 1674 501 1681 .
541 1642 756 1681 exclamant
787 1642 950 1694 famuli,
981 1642 1206 1694 frustraque
1238 1642 1406 1682 levatum
1438 1665 1491 1670 —-

1506 1441 1517 1462 7

296 1700 392 1739 Nam
423 1706 535 1752 pater
567 1700 765 1740 occiderat
796 1722 850 1728 —
884 1701 1062 1739 referunt
1099 1701 1145 1739 ad
1184 1701 1316 1740 limina
1355 1703 1514 1740 matris

296 1760 448 1810 Accipit
478 1759 540 1798 illa
572 1761 660 1798 sinu
680 1791 691 1811 ‚
723 1758 1000 1811 complexaque
1033 1760 1170 1811 frigida
1203 1761 1282 1798 nati

294 1817 467 1856 Membra
499 1819 559 1857 sui
585 1822 792 1869 postquam
823 1819 1057 1856 miserorum
1089 1817 1205 1857 verba
1236 1823 1443 1869 parentum

210 1884 275 1915 745
296 1875 457 1929 Edidit,
489 1881 529 1915 et
559 1882 728 1915 matrum
760 1877 993 1915 miserarum
1026 1876 1125 1915 facta
1156 1878 1331 1929 peregit,

295 1934 451 1973 Funera
482 1934 649 1974 ducebat
680 1934 846 1973 mediam
877 1934 1080 1973 lacrimosa
1111 1947 1182 1986 per
1213 1934 1374 1987 urbem,

295 1992 518 2044 Luridaque
550 2005 687 2032 arsuro
719 1992 898 2044 portabat
930 1992 1101 2031 membra
1135 1994 1305 2032 feretro.

296 2051 412 2090 Forte
445 2053 528 2090 viae
560 2052 685 2090 vicina
718 2051 886 2103 domus,
918 2062 992 2101 qua
1025 2050 1164 2090 flebilis
1196 2051 1276 2090 ibat

296 2110 472 2162 Pompa,
504 2110 607 2161 fuit3
639 2109 838 2160 duraeque
871 2121 991 2148 sonus
1022 2109 1219 2160 plangoris
1251 2108 1298 2148 ad
1330 2122 1444 2149 aures

210 2176 276 2206 750
297 2168 409 2207 Venit
440 2168 677 2207 Anaxaretes
696 2199 707 2220 ,
739 2180 854 2219 quam
880 2168 955 2206 iam
981 2167 1078 2206 deus
1109 2167 1213 2206 ultor
1244 2167 1402 2218 agebat.

296 2226 399 2265 Mota
431 2232 590 2279 tamen,
622 2222 866 2264 “videamus'
899 2227 952 2264 ait
983 2223 1217 2264 tmiserabile
1251 2223 1427 2278 sunus‚'’

296 2283 346 2323 Et
377 2285 520 2335 patulis
551 2286 638 2324 iniit
669 2290 817 2323 tectum
851 2283 1017 2323 sublime
1050 2285 1256 2323 fenestris.

297 2341 444 2393 Vixque
477 2343 576 2382 bene
609 2344 821 2394 inpositum
853 2342 953 2381 lecto
986 2348 1240 2394 prospexerat
1271 2342 1408 2394 Iphin,
