1554 2563
138 111 221 153 232
378 124 533 146 norom:
688 110 902 145 METAMM
917 139 922 146 .

253 220 435 260 Nominat
465 220 663 272 Alcyonen
682 252 693 274 ‚
723 221 898 272 ipsisque
929 222 1192 261 inmurmurat
1222 221 1361 262 undis.

253 280 354 318 Ecce
387 291 507 331 super
538 279 688 319 medios
718 279 863 319 fluctus
894 281 1006 331 niger
1038 292 1152 319 arcus
1185 292 1374 331 aquarum

253 338 463 389 Frangitur
481 369 492 391 ,
524 344 564 377 et
594 343 709 390 rupta
741 350 914 378 mersum
948 345 1064 390 caput
1095 338 1227 378 obruit
1257 339 1384 378 unda.

166 405 233 437 570
254 396 412 436 Lucifer
443 396 637 436 obscurus
656 428 667 450 ‚
698 409 771 436 nec
803 409 921 448 quem
953 409 1191 448 cognoscere
1222 409 1381 450 posses,

254 455 321 494 Illa
351 455 439 495 luce
472 456 574 495 suit:
606 457 868 507 quoniamque
901 456 1092 495 excedere
1124 455 1230 495 caelo

254 514 341 553 Non
372 515 512 567 licuit,
544 514 676 553 densis
708 516 806 554 texit
836 526 906 554 sua
938 514 1109 554 nubibus
1141 527 1231 554 ora.

311 572 441 612 Aeolis
472 575 623 612 interea
653 578 852 613 tantorum
884 575 1018 624 ignara
1048 573 1240 613 malorum

254 631 484 671 Dinumerat
514 637 680 672 noctes:
712 638 751 671 et
781 633 857 671 iam
875 663 886 684 ‚
918 644 1015 683 quas
1046 632 1184 671 induat
1213 632 1302 685 ille,

167 698 233 729 575
254 690 429 730 Festinat
459 696 617 743 vestes,
648 692 725 729 iam
757 702 852 741 quas
871 722 882 743 ‚
914 690 982 730 uhi
1013 692 1165 730 venerit
1195 690 1283 743 ille,

253 749 340 800 Ipsa
371 755 510 802 gerat,
541 749 771 801 reditusque
804 749 878 788 sihi
909 751 1103 801 promittit
1133 751 1291 788 inanes.

255 807 447 847 Omnibus
477 808 542 847 illa
573 808 732 859 quidem
765 809 918 859 superis
949 810 1014 860 pia
1044 814 1132 848 tura
1163 807 1337 847 ferebat:

254 867 352 906 Ante
384 872 515 906 tamen
547 872 710 906 cunctos
742 866 903 906 Iunonis
934 867 1077 918 templa
1108 866 1283 919 colebat,

254 925 410 976 Proque
442 927 525 964 viro
543 957 555 978 ‚
586 927 654 977 qui
684 925 815 965 nullus
847 931 958 979 erat,
990 925 1170 965 veniebat
1201 925 1247 964 ad
1280 937 1390 978 aras,

166 992 233 1023 580
254 983 383 1035 thue
415 985 518 1024 soret
549 996 686 1035 sospes
718 985 888 1023 coniunx
920 996 1046 1037 suus,
1078 990 1199 1035 utque
1231 983 1402 1035 rediret,

255 1042 422 1094 Optabat
440 1074 450 1096 ‚
482 1042 706 1094 nullamque
740 1042 814 1082 sibi
844 1043 1091 1094 praeferret.
1131 1048 1169 1082 at
1200 1042 1255 1081 illi

256 1101 338 1140 lloc
370 1101 417 1140 de
450 1106 509 1141 tot
539 1103 639 1140 votis
670 1107 824 1153 poterat
856 1103 1084 1153 con-tingere
1117 1101 1264 1140 solum.

312 1160 362 1199 At
393 1159 464 1199 dea
495 1172 574 1198 non
605 1160 708 1199 ultra
738 1172 810 1211 pro
846 1160 980 1199 functo
1013 1166 1140 1199 morte
1172 1162 1301 1211 rogari

255 1218 460 1270 Sustinet3
492 1224 614 1269 utque
647 1230 785 1257 manus
817 1218 992 1257 funestas
1024 1224 1155 1258 arceat
1187 1220 1288 1268 aris?

167 1284 233 1316 585
255 1274 323 1315 eIri
341 1309 352 1329 ,
383 1273 507 1316 meae'
540 1276 636 1315 dixit
667 1273 868 1315 ‘fidissima
900 1279 1036 1316 nuntia
1067 1279 1195 1329 vocis,

254 1334 342 1374 Vise
375 1336 632 1387 soporiferam
664 1334 799 1374 Somni
829 1334 1014 1374 velociter
1047 1335 1196 1388 aulam,

254 1393 526 1445 Exstinctique
558 1393 650 1432 iube
683 1393 818 1445 Ceycis
849 1395 1016 1445 imagine
1048 1396 1176 1433 mitta-t

256 1452 413 1491 Somnia
445 1453 492 1491 ad
524 1452 721 1503 Alcyonen
752 1464 865 1491 veros
898 1454 1095 1491 narrantia
1127 1465 1241 1491 casus
1258 1449 1281 1491 ,’

255 1510 440 1551 Dixerat:
471 1511 649 1551 induitur
679 1510 868 1550 velamina
899 1511 1004 1550 mille
1036 1511 1213 1550 colorum

168 1578 233 1609 590
254 1569 356 1622 Iris,
388 1575 429 1609 et
459 1575 618 1609 arcuato
650 1570 801 1609 caelum
833 1571 1058 1609 curvamine
1091 1571 1248 1621 signans

254 1628 373 1667 Tecta
404 1630 504 1680 petit
534 1630 632 1668 iussi
663 1627 737 1667 sub
769 1627 873 1667 nube
905 1627 1065 1668 latentia
1096 1630 1223 1679 regis.

313 1687 384 1726 Est
415 1699 537 1738 prope
570 1686 800 1726 Cimmerios
832 1687 946 1737 longo
980 1687 1166 1738 spelunca
1198 1699 1382 1741 recessu,

253 1745 364 1785 Mons
397 1758 514 1784 cavus
533 1777 544 1798 ,
575 1747 703 1796 ignavi
735 1745 873 1784 domus
905 1750 944 1784 et
974 1745 1188 1796 penetralia
1221 1745 1378 1786 Somni:

255 1804 340 1850 Quo
373 1816 587 1855 numquam
617 1804 736 1843 radiis
767 1805 899 1843 oriens
930 1804 1130 1843 mediusve
1163 1804 1353 1843 cadensve

169 1871 233 1902 1395
254 1862 437 1902 Phoebus
469 1863 576 1902 adire
607 1868 766 1914 potest.
805 1861 969 1901 nebulae
1001 1862 1165 1914 caligine
1198 1865 1338 1902 mixtae

253 1922 493 1961 Exhalantur
524 1921 643 1960 humo
676 1921 894 1972 dubiaeque
926 1921 1157 1972 crepuscula
1189 1921 1308 1960 lucis.

254 1981 340 2019 Non
372 1980 462 2032 vigil
494 1980 573 2019 ales
605 1979 659 2019 ibi
691 1981 842 2019 cristati
872 1979 1052 2019 cantibus
1084 1981 1164 2018 oris

255 2039 400 2078 Evocat
430 2039 622 2077 Auroram
640 2070 651 2091 ‚
682 2051 756 2078 nec
786 2050 880 2077 voce
913 2038 1065 2077 silentia
1096 2047 1285 2090 rumpunt

256 2098 466 2136 Sollicitive
498 2109 614 2136 canes
647 2097 855 2136 canibusve
889 2098 1063 2147 sagacior
1095 2109 1232 2136 anser.

168 2164 235 2195 600
255 2156 341 2194 Non
373 2157 456 2195 sera
475 2187 486 2208 ,
517 2168 595 2195 non
627 2156 798 2207 pecudes
818 2187 830 2207 ‚
861 2167 940 2194 non
971 2156 1066 2194 moti
1097 2155 1251 2194 ssamine
1285 2156 1405 2206 rami,

254 2214 501 2253 Humanaeve
534 2226 675 2253 sonum
705 2214 876 2253 reddunt
907 2214 1079 2252 convicia
1109 2214 1286 2264 linguae.

254 2271 359 2310 Muta
392 2275 503 2323 quies
534 2272 709 2312 habitat.
748 2285 840 2311 saxo
873 2278 1002 2311 tamen
1034 2273 1113 2311 exit
1145 2272 1191 2311 ab
1223 2274 1300 2311 imo

253 2329 374 2369 Rivus
401 2342 520 2382 aquae
548 2330 691 2370 Lethes
709 2362 721 2382 ,
751 2343 824 2383 per
849 2343 966 2383 quem
992 2342 1082 2370 cum
1107 2342 1309 2370 murmure
1341 2330 1474 2370 labens
