1554 2563
593 114 632 158 1,
657 116 844 149 400-473
857 142 864 148 .
1039 125 1178 147 numm
1348 111 1402 154 13

179 222 346 263 Rettulit
377 225 556 274 antiquas
575 255 586 276 ‚
617 225 758 275 partim
791 235 888 262 nova
919 228 1095 262 monstra
1127 224 1295 262 creavit.

178 281 246 321 Illa
279 282 436 333 quidem
468 282 618 334 nollet,
649 281 718 321 sed
750 287 788 320 te
820 294 977 333 quoque
997 313 1008 334 ,
1040 283 1205 321 maxime
1226 280 1402 332 Python,

179 340 280 380 Tum
312 342 477 393 genuit,
506 340 739 392 populisque
772 342 881 379 novis
899 372 911 393 ,
941 342 1138 391 incognite
1170 352 1356 393 serpens,

90 407 160 439 440
179 398 326 438 Terror
358 411 475 451 eras3
508 405 660 439 tantum
691 400 806 451 spatii
838 399 884 438 de
917 405 1049 438 monte
1083 398 1267 437 tenebas.

176 457 291 497 Hunc
323 457 420 497 deus
452 460 674 497 arcitenens
695 489 706 510 ‚
738 464 778 497 et
808 469 1021 508 numquam
1053 457 1194 497 talibus
1225 458 1343 496 armis

177 517 277 555 Ante
310 518 385 555 nisi
417 518 456 556 in
491 516 654 555 dammis
687 518 917 568 capreisque
950 517 1153 568 fugacibus
1184 528 1307 568 usus,

177 575 280 614 Mille
306 587 463 626 gravem
495 575 583 614 telis
602 607 613 628 ,
646 575 831 614 exhausta
863 587 986 627 paene
1018 575 1228 627 pharetra,

176 633 354 673 Perdidit
384 634 508 673 effuso
539 646 610 685 per
642 634 802 673 vulnera
834 635 944 685 nigra
970 646 1143 673 veneno,

89 700 158 732 445
177 692 282 731 Neve
314 694 445 744 operis
477 693 616 731 famam
648 694 773 744 possit
803 692 934 732 delere
966 699 1167 744 vetustas„

177 751 353 791 Instituit
383 763 515 790 sacros
548 751 694 790 celebri
727 753 939 791 certamine
971 751 1084 790 ludos

177 809 315 861 Pythia
345 810 588 861 perdomitae
621 812 816 862 serpentis
849 811 1006 849 nomine
1039 810 1188 849 dictos.

177 868 248 907 His
279 870 465 908 iuvenum
498 870 736 920 quicumque
769 881 885 908 manu
917 868 1131 920 pedibusve
1164 873 1295 907 rotave

178 926 361 980 Vicerat,
393 928 595 966 aesculeae
629 927 806 980 capiebat
837 927 986 966 frondis
1018 927 1231 966 honorem.

90 994 158 1026 450
178 985 361 1025 Nondum
391 986 526 1025 laurus
559 993 672 1039 erat,
704 986 898 1038 longoque
931 986 1109 1025 decentia
1141 987 1250 1025 crine

177 1044 371 1096 Tempora
404 1045 585 1096 cingebat
616 1045 664 1084 de
696 1044 870 1096 qualibet
899 1044 1039 1084 arbore
1070 1043 1276 1083 Phoebus.

235 1103 393 1142 Primus
425 1115 534 1142 amor
564 1103 712 1142 Phoebi
740 1103 898 1155 Daphne
930 1103 1097 1155 Peneia,
1130 1114 1246 1154 quem
1279 1113 1355 1141 non

179 1162 277 1201 Fors
307 1164 441 1213 ignara
473 1162 609 1214 dedit,
641 1162 709 1201 sed
741 1174 853 1201 saeva
885 1162 1088 1213 Cupidinis
1118 1163 1198 1200 ira.

178 1220 311 1260 Delius
343 1220 448 1260 hunc
480 1233 606 1272 nuper
625 1252 636 1273 ‚
667 1223 769 1260 victo
803 1227 986 1272 serpente
1019 1220 1238 1272 superbuS,

91 1288 158 1319 455
179 1279 337 1318 Viderat
368 1279 536 1319 adducto
567 1280 792 1319 flectentem
824 1292 970 1319 cornua
1003 1291 1147 1331 nervo,

181 1335 314 1384 ‘Quid'
347 1351 423 1390 que
457 1336 543 1377 ‘tibi
561 1370 572 1391 ‚
604 1338 745 1377 lascive
777 1350 906 1391 puer,
938 1350 1028 1377 cum
1048 1337 1216 1377 fortibus
1238 1334 1402 1376 arnus?

179 1397 368 1449 Dixerat3
400 1394 489 1436 ‘ista
521 1397 663 1436 decent
694 1409 852 1437 umeros
884 1398 1097 1448 gestamina
1130 1402 1311 1448 nostros,

181 1456 257 1502 Qui
288 1455 381 1494 dare
414 1462 522 1495 certa
554 1456 658 1495 serae
678 1488 689 1508 ,
720 1455 812 1495 dare
844 1455 1004 1495 vulnera
1036 1467 1247 1506 possumus
1279 1454 1406 1506 hosti,

181 1514 257 1560 Qui
288 1514 404 1553 modo
435 1515 623 1566 pestifero
656 1520 715 1553 tot
745 1516 879 1565 iugera
911 1520 1048 1552 ventre
1080 1518 1324 1564 prementem

92 1581 161 1612 460
183 1573 398 1612 stravimus
430 1574 649 1612 innumeris
681 1573 874 1612 tumidum
906 1572 1081 1623 Pythona
1114 1573 1288 1623 sagittis.

180 1631 241 1671 Tu
274 1632 357 1671 sace
390 1633 522 1670 neseio
555 1643 653 1682 quos
686 1637 769 1670 esto
802 1636 1010 1670 contentus
1042 1642 1195 1669 amores

182 1690 368 1741 indagare
402 1696 467 1729 tua
487 1722 497 1742 ,
529 1702 601 1729 nec
633 1689 767 1729 laudes
800 1701 931 1728 assere
963 1694 1119 1728 nostras
1134 1686 1159 1727 .'

182 1749 304 1788 Filius
336 1749 427 1788 huic
460 1748 622 1788 Veneris
655 1746 765 1800 ‘figat
796 1754 888 1787 tuus
920 1749 1047 1786 omnia
1067 1779 1078 1799 ,
1108 1747 1289 1800 Phoebe,

182 1807 238 1846 Te
269 1820 381 1847 meus
407 1819 522 1847 arcus
542 1805 567 1859 ς’
601 1809 653 1846 ait
685 1805 924 1858 ‘quantoque
957 1806 1135 1845 animalia
1161 1806 1306 1845 cedunt

95 1874 163 1906 465
184 1866 334 1905 Cuncta
367 1866 440 1905 deo
459 1898 470 1918 ‚
502 1873 608 1905 tanto
642 1868 770 1905 minor
802 1871 863 1904 est
893 1871 959 1904 tua
991 1865 1112 1915 gloria
1145 1871 1279 1904 nostra
1294 1862 1317 1904 .'

183 1924 316 1977 Dixit,
348 1931 388 1964 et
419 1925 513 1963 eliso
545 1926 745 1976 percussis
778 1928 867 1963 aere
898 1925 1038 1975 pennis

183 1983 352 2035 Impiger
383 1983 568 2022 umbrosa
599 1983 761 2022 Parnasi
793 1984 968 2022 constitit
1000 1994 1088 2020 arce

183 2042 294 2093 Eque
327 2043 541 2093 sagittifera
572 2044 767 2094 prompsit
797 2041 873 2081 duo
906 2041 981 2079 tela
1012 2040 1195 2092 pharetra

185 2100 438 2140 Diversorum
469 2113 663 2153 operum3
695 2102 803 2152 sugat
833 2100 936 2152 hoc,
968 2099 1060 2138 facit
1090 2099 1184 2138 illud
1213 2111 1406 2139 amorem.

97 2167 166 2199 470
187 2159 299 2205 Quod
333 2160 452 2212 facit,
484 2160 681 2199 hamatum
714 2166 775 2198 est
807 2165 845 2198 et
877 2157 1038 2209 cuspide
1072 2157 1193 2209 fulget
1225 2165 1361 2199 acuta:

187 2217 299 2264 Quod
340 2219 476 2270 sugat,
515 2218 699 2258 obtusum
739 2223 800 2257 est
842 2223 880 2256 et
923 2216 1040 2255 habet
1078 2216 1151 2255 sub
1188 2216 1405 2256 harundine

186 2275 270 2315 1100
290 2276 387 2316 deus
408 2278 447 2316 in
469 2276 635 2328 nympha
654 2276 825 2316 Peneide
846 2276 951 2327 fixit3
972 2281 1010 2314 at
1028 2274 1092 2314 illo
1163 2274 1406 2327 [plumbum.

186 2334 318 2375 Laesit
349 2335 569 2387 Apollineas
600 2338 762 2375 traiecta
791 2346 863 2385 per
895 2345 983 2373 ossa
1014 2333 1224 2374 medullas.
