1554 2563
537 102 619 138 VIII
633 131 642 147 ,
669 107 853 138 279—353
870 131 877 138 .
1004 116 1160 139 curuos
1294 102 1375 144 159

152 213 330 253 Oeclides
349 245 360 266 ,
393 214 644 265 nemorisque
677 212 797 252 decus
828 212 1003 265 Tegeaea
1035 212 1196 266 Lycaei.

150 272 288 312 Rasilis
320 271 412 311 huic
443 284 633 311 summam
665 271 869 311 mordebat
899 272 1015 312 fibula
1048 278 1219 325 vestem3

152 330 280 370 Crinis
312 337 396 370 erat
427 331 620 383 simplex,
647 330 792 370 nodum
825 331 1012 370 collectus
1044 333 1084 371 in
1116 343 1262 371 unum:

64 398 131 430 320
151 389 208 428 Ex
240 401 379 429 umero
410 389 587 442 pendens
618 389 829 429 resonabat
860 390 1032 429 eburnea
1065 389 1173 429 laevo
1229 408 1242 419 ·

150 448 336 488 Telorum
368 455 532 501 custos,
564 460 699 488 arcum
732 460 889 500 quoque
921 448 1025 488 laeva
1059 448 1239 488 tenebat.

151 507 255 546 Talis
288 513 372 547 erat
404 507 542 547 cultu:
574 508 692 547 facies
711 539 722 560 ‚
755 520 870 559 quam
903 507 1033 547 dicere
1066 520 1157 547 vere

152 566 372 618 virgineam
403 567 443 605 in
475 578 599 618 puero
618 598 629 619 ,
660 567 853 618 puerilem
884 568 924 605 in
957 568 1106 617 virgine
1138 577 1298 618 posses.

152 625 258 664 Hauc
290 626 437 677 pariter
468 625 592 678 vidit,
624 626 772 677 pariter
804 624 1038 676 Calydonius
1070 625 1187 664 heros

64 692 130 724 325
153 683 338 737 Optavit,
370 689 562 724 renuente
595 684 668 723 deo
687 716 698 736 ,
729 684 983 735 flammasque
1016 684 1181 723 latentes

152 742 318 795 Hausit‚
350 748 390 782 et
421 739 457 781 ‘o
490 742 612 795 felix,
645 744 798 794 siquem
830 739 1069 794 dignabitur’
1100 743 1229 794 inquit

153 799 246 841 ‘Ista
277 803 402 841 virum
423 798 448 841 l’
481 813 554 841 nec
584 802 696 853 plura
729 803 822 841 sinit
852 808 1086 853 tempusque
1117 801 1322 853 pudorque

153 860 314 900 Dicere:
346 861 470 899 maius
503 873 602 912 opus
635 862 762 912 magni
795 862 1019 900 certaminis
1052 866 1218 912 urguet.

213 919 314 958 Silva
335 920 521 970 frequens
543 918 719 958 trabibus
733 951 743 971 ‚
771 931 887 971 quam
907 919 1013 959 nulla
1033 919 1229 959 ceciderat
1248 924 1352 958 aetas
1367 951 1376 969 ‚

65 987 133 1018 330
153 979 294 1030 incipit
325 990 345 1016 a
376 978 491 1029 plano
511 1010 521 1030 ,
554 978 776 1029 devexaque
808 980 1000 1030 prospicit
1030 990 1142 1017 arva.

154 1037 238 1083 Quo
270 1043 478 1088 postquam
510 1049 653 1076 venere
685 1038 787 1089 viri,
818 1049 908 1089 pars
941 1038 1037 1076 retia
1071 1036 1259 1088 tendunt,

153 1095 312 1135 Vincula
333 1108 422 1147 pars
443 1095 619 1135 adimunt
645 1095 805 1135 canibus
824 1127 835 1149 ‚
866 1107 957 1148 pars
989 1107 1123 1146 pressa
1157 1100 1376 1146 sequuntur

154 1154 271 1206 Signa
302 1154 446 1206 pedum
465 1186 476 1206 ‚
508 1155 750 1206 cupiuntque
783 1166 898 1194 suum
931 1156 1106 1206 reperire
1138 1153 1354 1206 periclum.

155 1213 328 1252 Concava
362 1213 470 1252 vallis
502 1221 615 1266 erat,
647 1225 724 1265 quo
758 1225 799 1253 se
832 1213 1038 1252 demittere
1071 1214 1142 1252 rivi

66 1280 132 1311 335
154 1274 369 1312 Assuerant
400 1272 577 1324 pluvialis
609 1284 762 1324 aquae:
794 1278 902 1312 tenet
933 1273 1008 1311 ima
1039 1272 1200 1311 lacunae

154 1330 274 1370 Lenta
307 1330 400 1370 salix
433 1330 623 1382 ulvaeque
654 1331 758 1370 leves
790 1332 976 1382 iuncique
1007 1330 1202 1382 palustres

156 1389 384 1441 viminaque
416 1395 456 1429 et
485 1389 599 1441 longa
630 1402 770 1441 parvae
803 1389 876 1429 sub
908 1389 1128 1429 harundine
1160 1400 1330 1428 cannae.

154 1448 254 1488 Hinc
286 1460 379 1500 aper
411 1449 562 1487 excitus
594 1448 743 1487 medios
776 1449 969 1487 violentus
1001 1450 1041 1487 in
1072 1447 1207 1487 hostes

155 1507 296 1546 Fertur
315 1541 326 1559 ‚
357 1512 402 1547 ut
432 1508 609 1546 excussis
641 1507 726 1545 elisi
759 1506 930 1546 nubibus
962 1508 1096 1558 ignes,

67 1573 135 1605 340
157 1566 356 1605 Sternitur
387 1567 549 1605 incursu
584 1577 721 1605 nemus
741 1598 752 1618 ‚
785 1571 823 1604 et
854 1565 1041 1617 propulsa
1072 1565 1267 1616 fragorem

156 1624 256 1663 Silva
289 1624 381 1664 dat.
420 1624 637 1663 exclamant
668 1625 858 1677 iuvenes,
890 1629 1171 1676 praetentaque
1205 1625 1295 1662 forti

154 1683 246 1722 Tela
278 1688 415 1723 tenent
444 1682 581 1722 dextra
613 1683 689 1722 lato
722 1683 911 1722 vibrantia
944 1683 1073 1722 ferro.

156 1741 223 1781 llle
255 1743 335 1781 ruit
365 1743 591 1794 spargitque
624 1754 740 1781 canes
759 1773 770 1794 ,
802 1748 845 1781 ut
877 1742 1044 1793 quisque
1076 1741 1223 1781 furenti

156 1799 322 1853 Obstat,
354 1806 395 1839 et
425 1799 582 1852 obliquo
614 1800 802 1839 latrantes
834 1800 998 1851 dissipat
1028 1801 1134 1840 ictu.

68 1867 134 1899 345
159 1859 299 1910 Cuspis
330 1857 520 1898 Echionio
552 1860 722 1910 primum
756 1865 934 1898 contorta
966 1858 1113 1898 lacerto

156 1917 258 1956 Vana
290 1919 364 1957 suit
381 1949 392 1970 ‚
424 1923 645 1969 truncoque
677 1917 784 1956 dedit
815 1917 897 1956 leve
929 1916 1070 1955 vulnus
1102 1928 1266 1955 acerno.

156 1976 365 2029 Proxima,
396 1977 428 2015 si
461 1977 591 2015 nimiis
624 1977 813 2015 mittentis
847 1975 994 2014 viribus
1027 1987 1096 2014 usa

155 2034 241 2073 Non
273 2035 375 2073 soret
392 2066 403 2087 ,
434 2035 474 2074 in
506 2040 617 2085 tergo
649 2036 728 2073 visa
760 2040 820 2073 est
851 2034 1017 2073 haesura
1048 2035 1196 2084 petito:

157 2092 328 2144 Longius
361 2095 418 2132 it.
457 2099 593 2132 auctor
626 2093 692 2132 teli
724 2093 921 2143 Pagaseus
974 2091 1110 2131 lason.

71 2159 136 2191 350
159 2149 330 2190 ‘Phoebe
349 2148 376 2204 ‚²
408 2153 460 2191 ait
491 2151 722 2203 Ampycides
757 2148 805 2190 ‘si
832 2157 869 2190 te
902 2150 1084 2201 coluique
1116 2149 1305 2201 coloque,

158 2210 211 2248 Da
242 2209 336 2249 mihi
370 2209 472 2261 quod
506 2212 653 2261 petitur
686 2215 794 2249 certo
827 2211 1055 2260 contingere
1088 2208 1164 2248 telo
1179 2205 1204 2248 !’

158 2268 241 2314 Qua
273 2270 430 2321 potuit,
461 2268 645 2320 precibus
678 2268 774 2307 deus
807 2269 971 2307 annuit.
1009 2269 1111 2306 ictus
1143 2266 1191 2306 ab
1212 2266 1277 2306 illo
1298 2272 1382 2319 est,

160 2326 236 2365 Sed
269 2329 353 2366 sine
386 2327 546 2366 vulnere
566 2358 576 2377 ,
609 2338 731 2378 aper:
763 2326 913 2365 ferrum
945 2325 1063 2365 Diana
1097 2325 1238 2364 volanti
