1554 2563
62 91 119 134 66
289 103 442 126 lucentis
611 89 823 124 METAMM
839 117 846 125 .

180 200 326 240 Clamat
356 197 409 239 ‘io
442 200 604 238 comites
622 231 634 252 ,
665 211 764 251 opus
796 199 890 238 haec
922 199 1083 237 victoria
1102 202 1282 237 nostrum
1302 203 1362 236 est
1374 192 1399 238 1'

179 259 266 298 Non
297 260 413 298 citius
445 257 604 297 frondes
635 260 813 298 autumni
844 258 989 308 frigore
1020 261 1142 295 tactas

92 326 161 358 ‘130
179 318 338 369 lamque
368 316 468 356 male
499 317 707 356 haerentes
738 316 813 355 alta
844 317 947 367 rapit
978 314 1118 354 arbore
1149 320 1313 367 ventus,

180 376 303 422 Quam
336 383 429 415 sunt
459 375 633 414 membra
657 376 729 414 viri
761 374 941 414 manibus
973 373 1127 425 direpta
1157 371 1359 412 nefandis.

179 434 339 473 Talibus
371 434 558 486 exemplis
589 434 758 472 monitae
785 445 881 472 nova
913 444 1022 471 sacra
1054 433 1309 483 frequentant

179 492 363 544 Turaque
395 492 489 531 dant
520 498 752 543 sanctasque
779 491 913 530 colunt
944 489 1159 529 Ismenides
1190 501 1301 528 aras.

462 745 646 800 LIBER
684 744 967 800 QUARTUS
983 783 995 799 .

179 845 228 884 At
252 857 330 884 non
362 844 537 883 Alcithoe
569 844 755 896 Minyeias
788 845 894 894 orgia
927 848 1063 882 censet

180 903 414 955 Accipienda
445 902 537 956 dei,
569 902 637 942 sed
669 902 794 941 adhuc
826 902 1034 941 temeraria
1066 900 1262 940 Bacchum

180 963 413 1014 Progeniem
445 967 561 1012 negat
587 973 673 1001 esse
699 961 799 1000 Iovis
818 992 829 1012 ‚
861 961 1066 1011 sociasque
1098 970 1256 998 sorores

180 1021 395 1072 Impietatis
427 1020 544 1059 habet
563 1052 571 1059 .
611 1021 755 1059 festum
788 1018 988 1058 celebrare
1020 1017 1227 1070 sacerdos,

139 1087 159 1118 o
178 1079 457 1130 immunesque
489 1091 653 1130 operum
686 1078 848 1116 famulas
881 1077 1136 1127 dominasque
1169 1087 1332 1115 suorum

178 1138 343 1177 Pectora
373 1137 474 1189 pelle
506 1139 615 1189 tegi,
648 1136 815 1175 crinales
847 1135 998 1174 solvere
1030 1137 1167 1187 vittas,

180 1196 292 1235 Serta
324 1208 462 1248 coma,
495 1196 672 1234 manibus
700 1194 929 1234 frondentes
961 1206 1117 1232 sumere
1150 1193 1306 1244 thyrsos

179 1255 381 1307 Iusserat,
412 1259 452 1293 et
484 1266 636 1293 saevam
669 1253 763 1292 laesi
790 1253 875 1292 fore
907 1253 1079 1291 numinis
1111 1253 1210 1291 iram

178 1312 417 1352 Vaticinatus
450 1318 534 1351 erat
553 1343 563 1352 .
600 1319 741 1364 parent
771 1318 995 1363 matresque
1028 1323 1259 1363 nurusque,

117 1381 160 1412 10
179 1372 372 1422 Telasque
404 1371 656 1422 calathosque
682 1371 905 1421 infectaque
936 1382 1057 1421 pensa
1089 1373 1311 1421 reponunt,

178 1430 362 1481 Turaque
393 1429 515 1482 dant,
546 1429 820 1480 Bacchumque
852 1434 992 1468 vocant
1019 1427 1300 1478 Bromiumque

1159 1485 1405 1537 Lyaeumque

178 1547 482 1598 Ignigenamque
515 1552 721 1598 satumque
753 1548 899 1585 iterum
938 1532 1143 1596 solumque
1176 1544 1406 1583 bimatrem:

178 1606 344 1645 Additur
375 1606 436 1644 his
467 1605 619 1656 Nyseus
651 1605 964 1656 indetonsusque
995 1604 1230 1655 Thyoneus,

179 1664 228 1703 Et
259 1677 349 1703 cum
375 1663 529 1702 Lenaeo
561 1664 724 1715 genialis
755 1665 930 1702 consitor
961 1675 1082 1715 uvae,

116 1730 157 1762 15
178 1722 456 1774 Nycteliusque
483 1722 718 1773 Eleleusque
749 1734 891 1773 parens
924 1728 963 1760 et
991 1721 1153 1760 Iacchus
1187 1727 1226 1759 et
1246 1719 1407 1785 Euhan,

178 1780 229 1819 Et
260 1793 359 1831 quae
390 1787 595 1832 praeterea
627 1793 698 1832 pei
731 1780 865 1818 C1a1as
897 1780 1064 1846 plurima
1098 1784 1235 1830 gentes

178 1839 372 1891 Nomina,
410 1838 557 1891 Liber,
594 1838 743 1877 habes.
788 1838 858 1877 tibi
898 1840 999 1876 enim
1042 1839 1317 1888 inconsumpta

1135 1897 1293 1934 iuventa
1325 1899 1408 1948 est,

180 1955 240 1995 Tu
270 1968 370 2008 puer
402 1961 587 1995 aeternus
606 1988 617 2008 ‚
651 1961 693 1994 tu
720 1955 1027 1994 formosissimus
1060 1954 1136 1993 alto

180 2015 429 2066 Conspiceris
462 2015 568 2053 caelo
590 2046 598 2053 .
637 2014 737 2066 tihi,
769 2026 858 2053 cum
885 2015 969 2052 sine
1002 2012 1189 2052 cornibus
1223 2018 1348 2063 astas,

117 2082 161 2113 20
180 2072 408 2124 virgineum
441 2079 558 2124 caput
583 2078 672 2112 est.
709 2073 842 2111 oriens
874 2072 945 2110 tibi
977 2073 1103 2110 victus
1137 2071 1312 2121 adusque

181 2131 347 2171 Decolor
378 2138 554 2170 extremo
587 2143 662 2182 qua
695 2132 889 2182 tinguitur
921 2129 1029 2168 India
1061 2129 1218 2180 Gange.

180 2189 354 2228 Penthea
392 2197 435 2229 tu
455 2221 466 2242 ,
498 2189 718 2228 venerande
738 2220 749 2242 ,
780 2189 1151 2240 bipenniferumque
1186 2187 1408 2238 Lycurgum

183 2247 401 2299 Sacrilegos
432 2255 608 2301 mactas,
640 2247 922 2299 Tyrrhenaque
955 2248 1077 2285 mittis
1108 2248 1149 2284 in
1185 2257 1332 2296 aequor

182 2306 354 2357 Corpora
376 2336 384 2344 .
422 2312 465 2345 tu
496 2306 673 2356 biiugum
703 2307 819 2358 pictis
849 2306 1016 2355 insignia
1047 2305 1170 2343 frenis
