1554 2563
138 134 193 177 80
412 148 469 170 mo
689 133 905 169 METAMM
916 163 923 171 .

254 245 392 285 Omnia
423 246 517 285 trita
548 246 693 298 simul,
725 257 823 297 quae
856 245 1045 296 sanguine
1077 246 1197 284 mixta
1228 246 1379 284 recenti

167 311 233 343 505
254 305 420 343 Coxerat
451 316 540 343 aere
573 316 665 343 cavo
684 336 696 356 ‚
727 303 840 343 viridi
866 309 1017 342 versata
1049 305 1199 343 cicuta.

253 363 431 414 Dumque
463 369 605 414 pavent
635 363 689 402 illi
707 395 717 416 ,
750 364 875 413 vergit
906 361 1044 401 furiale
1076 374 1270 401 venenum

255 422 400 460 Pectus
431 423 472 460 in
503 421 735 473 amborum,
767 420 1076 473 praecordiaque
1107 422 1242 459 intima
1275 421 1417 460 movit.

253 480 355 519 Tum
386 481 468 519 face
500 481 640 519 iactata
671 492 742 532 per
773 479 943 519 eundem
975 481 1131 530 saepius
1163 479 1299 518 orbem

257 538 522 590 Consequitur
553 540 669 578 motis
702 538 887 578 velociter
918 538 1076 589 ignibus
1109 539 1242 588 ignes.

168 605 236 636 510
259 597 323 637 Sic
354 598 495 637 victrix
525 598 700 649 iussique
732 603 872 649 potens
905 596 949 635 ad
977 598 1105 635 inania
1137 598 1266 648 magni

253 656 387 707 Regna
417 656 520 695 redit
550 655 648 695 Ditis
668 688 678 708 ,
716 661 995 707 sumptumque
1034 657 1250 706 recingitur
1287 668 1474 708 anguem.

311 715 497 754 Protinus
529 714 707 753 Aeolides
739 715 864 753 media
896 713 1133 753 furibundus
1165 715 1203 753 in
1237 714 1323 753 aula

254 773 402 813 Clamat
433 771 484 813 ‘io
503 805 514 826 ,
546 775 709 813 comites
728 805 738 825 ,
770 773 830 812 his
863 774 959 812 retia
992 773 1139 812 tendite
1173 771 1303 813 silvis!

255 831 325 871 Hic
356 831 472 871 modo
504 844 594 871 cum
625 834 778 883 gemina
809 833 889 870 visa
921 838 982 870 est
1013 832 1107 870 mihi
1139 832 1249 883 prole
1281 832 1413 871 leaena
1428 829 1452 885 ,³

165 898 233 930 515
254 890 383 942 thue
415 890 519 930 ferae
553 893 732 942 sequitur
764 892 926 942 vestigia
957 892 1135 941 coniugis
1167 903 1324 943 amens,

253 949 387 1001 Deque
419 951 508 989 sinu
541 952 676 989 matris
708 949 903 989 ridentem
934 955 974 988 et
1004 961 1120 1000 parva
1153 948 1372 989 Learchum

251 1008 439 1047 Bracchia
470 1008 697 1048 tendentem
729 1009 831 1060 rapit
861 1013 901 1047 et
931 1007 991 1047 bis
1025 1014 1162 1059 terque
1194 1021 1266 1059 per
1298 1021 1411 1048 auras

256 1067 364 1106 More
396 1073 500 1106 rotat
531 1067 672 1106 fundae
692 1099 704 1120 ‚
735 1066 940 1118 rigidoque
972 1067 1134 1105 infantia
1165 1079 1257 1105 saxo

254 1125 422 1165 Discutit
453 1138 521 1164 ora
553 1127 662 1165 ferox
684 1157 692 1164 .
730 1131 814 1165 tum
847 1126 1016 1176 denique
1049 1127 1201 1164 concita
1233 1131 1381 1179 mater,

166 1191 234 1224 520
257 1184 335 1224 Seu
368 1184 479 1223 dolor
510 1184 584 1223 hoc
616 1185 710 1223 fecit
728 1216 738 1237 ,
770 1196 841 1223 seu
874 1186 999 1235 sparsi
1032 1197 1147 1223 causa
1180 1187 1342 1238 veneni,

252 1242 435 1282 Exululat
465 1245 669 1294 passisque
703 1243 801 1294 sugit
831 1243 930 1281 male
964 1255 1054 1281 sana
1087 1243 1261 1296 capillis,

252 1302 387 1353 Teque
420 1302 551 1341 ferens
582 1314 744 1353 parvum
777 1301 892 1341 nudis
911 1333 922 1354 ,
954 1301 1182 1355 Melicerta,
1214 1301 1370 1341 lacertis

253 1358 403 1400 ‘Euhoe
436 1357 603 1399 Bacche'
635 1366 775 1400 sonat.
814 1359 956 1399 Bacchi
988 1360 1061 1399 sub
1094 1362 1251 1399 nomine
1285 1362 1380 1399 luno

252 1419 354 1458 Risit
385 1426 424 1459 et
455 1417 542 1458 ‘hos
574 1431 671 1458 usus
702 1424 876 1471 praestet
908 1416 992 1458 tibi'
1025 1419 1122 1458 dixit
1153 1416 1388 1459 ‘alumnus.'

164 1485 231 1517 525
253 1477 435 1517 Imminet
466 1478 702 1529 aequoribus
735 1477 921 1529 scopulus
939 1509 951 1530 ,
982 1490 1072 1529 pars
1104 1479 1180 1516 ima
1212 1485 1371 1517 cavatur

252 1536 455 1576 Fluctibus
487 1544 527 1576 et
558 1543 682 1576 tectas
714 1536 889 1575 defendit
919 1536 965 1575 ab
997 1536 1190 1575 imbribus
1222 1537 1370 1590 undas,

253 1595 412 1635 Summa
443 1596 544 1647 riget
574 1597 823 1647 frontemque
856 1597 895 1634 in
916 1602 1095 1647 apertum
1115 1597 1281 1647 porrigit
1307 1608 1474 1648 aequor.

252 1654 428 1706 Occupat
458 1654 564 1693 hunc
595 1677 653 1682 --
684 1656 786 1694 vires
819 1655 967 1693 insania
994 1655 1141 1693 fecerat
1172 1675 1227 1682 —
1260 1654 1352 1707 Ino,

253 1712 382 1764 Seque
415 1725 535 1764 super
565 1718 731 1765 pontum
762 1713 867 1752 nullo
901 1713 1050 1752 tardata
1083 1715 1222 1751 timore

163 1778 232 1811 530
252 1770 370 1810 Mittit
401 1784 578 1822 onusque
612 1784 756 1823 suum3
787 1784 976 1823 percussa
1006 1772 1212 1810 recanduit
1243 1772 1367 1811 unda.

250 1831 299 1869 At
329 1829 459 1869 Venus
490 1831 693 1869 inmeritae
726 1832 854 1881 neptis
886 1832 1067 1869 miserata
1100 1830 1252 1870 labores

253 1888 318 1927 Sic
348 1894 488 1940 patruo
521 1888 692 1927 blandita
724 1901 795 1927 suo
827 1895 917 1928 est:
949 1887 985 1926 ‘o
1019 1901 1164 1928 numen
1197 1902 1408 1942 aquarum,

250 1947 430 1986 Proxima
457 1948 521 1986 cui
552 1947 658 1986 caelo
692 1949 838 1999 cessit,
870 1947 1050 1998 Neptune
1070 1980 1080 2000 ,
1113 1954 1309 2001 potestas,

250 2005 386 2057 Magna
418 2005 576 2057 quidem
606 2018 726 2057 posco
745 2037 756 2058 ,
788 2005 855 2044 sed
889 2012 932 2045 tu
964 2009 1151 2045 miserere
1185 2019 1385 2060 meorum,

163 2071 230 2103 535
250 2064 389 2103 lactari
421 2076 519 2115 quos
552 2066 680 2103 cernis
711 2066 751 2103 in
784 2063 891 2103 Ionio
923 2067 1127 2117 inmenso,

249 2122 300 2161 Et
331 2122 390 2161 dis
422 2123 519 2162 adde
553 2125 630 2162 tuis
651 2153 659 2162 .
699 2122 826 2174 aliqua
858 2130 897 2161 et
928 2124 1023 2161 mihi
1055 2125 1174 2174 gratia
1209 2132 1328 2175 ponto
1361 2132 1442 2177 est,

251 2180 292 2220 Si
323 2188 452 2220 tamen
484 2183 524 2220 in
557 2182 619 2220 dio
653 2182 848 2232 quondam
880 2189 1062 2220 concreta
1095 2183 1289 2234 profundo

251 2239 397 2290 Spuma
428 2240 485 2278 fui
503 2271 514 2292 ,
547 2240 784 2291 Graiumque
816 2246 946 2279 manet
983 2241 1077 2279 mihi
1117 2254 1259 2280 nomen
1291 2241 1338 2279 ab
1371 2238 1471 2280 illa.9

249 2299 396 2336 Annuit
428 2300 554 2337 oranti
586 2298 792 2350 Neptunus
825 2304 865 2337 et
895 2298 1054 2337 abstulit
1086 2300 1160 2338 ill-is

161 2362 230 2395 540
250 2355 361 2400 Quod
396 2356 557 2394 mortale
590 2358 692 2408 suit,
725 2359 1045 2407 maiestatemque
1080 2358 1287 2396 verendam
