1554 2563
141 113 226 156 238
405 125 506 149 Anus
691 111 906 146 METAMM
919 140 928 148 .

259 223 374 262 Texit
391 253 402 275 ,
433 228 474 261 et
504 227 657 274 optatae
688 233 767 260 non
799 227 860 261 est
891 222 978 261 data
1010 223 1120 274 copia
1152 223 1306 262 mortis*

260 282 489 333 Indignatur
520 292 653 319 amans
683 281 848 320 invitum
879 282 1009 319 vivere
1042 283 1152 334 cogi3

261 340 517 391 [Obstarique
550 340 698 378 animae
718 371 729 392 ‚
761 341 903 378 misera
935 339 983 378 de
1015 338 1107 378 sede
1139 339 1285 379 volenti

260 399 405 438 Exire.
444 403 566 449 utque
598 410 716 437 novas
748 399 896 437 umeris
928 397 1200 450 adsumpserat
1231 397 1332 451 alas,

173 468 239 499 790
261 456 448 497 Subvolat
478 462 595 509 atque
626 458 771 496 iterum
803 469 947 508 corpus
979 469 1099 509 super
1132 469 1302 508 aequora
1334 458 1476 497 mittit.

261 517 396 556 Pluma
421 515 522 555 levat
548 527 661 554 casus
682 547 690 555 .
728 516 824 554 furit
848 515 1017 554 Aesacos
1034 546 1046 568 ‚
1077 518 1196 567 inque
1226 515 1484 567 profundum]

260 576 413 614 Pronus
446 574 553 627 abit,
585 574 731 625 letique
762 575 862 613 viam
894 575 977 614 sine
1009 574 1085 613 fine
1118 580 1350 626 retemptat.

261 634 389 684 [Fecit
421 645 529 672 amor
560 634 754 672 maciem:
786 633 898 684 longa
929 632 1151 672 internodia
1183 645 1368 686 crurum,

261 693 391 744 Longa
423 698 555 731 manet
587 693 747 743 cervix.;
780 697 897 743 caput
929 697 990 731 est
1021 703 1041 730 a
1074 703 1239 743 corpore
1272 691 1408 743 longe.

174 760 238 791 795
259 753 416 803 Aequor
442 756 573 803 amat,
605 762 828 801 nomenque
856 756 993 802 tenet,
1025 752 1116 802 quia
1142 752 1335 802 mergitur
1361 750 1425 789 illo
1441 747 1485 801 .’]

489 945 673 999 LIBER
709 944 1105 1000 DUODECIMUS
1121 984 1132 1000 .

260 1045 424 1084 Nescius
456 1043 673 1096 adsumptis
704 1043 883 1083 Priamus
914 1049 1025 1095 pater
1057 1044 1231 1083 Aesacon
1263 1043 1333 1083 alis

260 1103 427 1156 Vivere,
458 1102 643 1153 lugebat.
682 1102 832 1141 tumulo
865 1114 1021 1154 quoque
1053 1114 1195 1141 nomen
1228 1102 1386 1142 habenti

259 1162 421 1200 Inferias
454 1161 615 1200 dederat
647 1173 736 1200 cum
769 1161 956 1200 fratribus
988 1160 1134 1200 Hector
1166 1162 1326 1201 inanes.

259 1220 391 1259 Defuit
422 1220 549 1258 officio
581 1219 733 1258 Paridis
764 1221 985 1271 praesentia
1018 1220 1144 1272 tristi,

220 1288 238 1317 5
260 1278 469 1317 Postmodo
501 1279 568 1328 qui
601 1283 709 1329 rapta
741 1277 899 1328 longum
932 1290 1021 1316 cum
1053 1279 1219 1329 coniuge
1251 1277 1397 1317 bellum

259 1337 399 1376 Attulit
429 1338 469 1375 in
501 1337 696 1388 patriam,
729 1338 1033 1387 coniurataeque
1066 1342 1289 1387 sequuntur

261 1395 362 1435 Mille
394 1400 499 1434 rates
531 1396 737 1446 gentisque
770 1394 886 1433 simul
918 1407 1124 1434 commune
1157 1394 1339 1446 Pelasgae
1359 1427 1367 1435 .

258 1454 339 1493 Nec
371 1453 487 1492 dilata
519 1453 621 1492 foret
651 1453 820 1492 vindicta
838 1484 850 1506 ‚
881 1454 956 1492 nisi
988 1465 1159 1504 aequora
1190 1455 1294 1492 saevi

261 1513 364 1552 lnvia
397 1513 583 1551 fecissent
613 1513 748 1564 venti,
779 1511 1004 1563 Boeotaque
1036 1511 1152 1551 tellus

200 1581 239 1612 ιο
259 1570 397 1610 Aulide
429 1572 582 1622 piscosa
614 1582 766 1622 puppes
801 1572 992 1610 tenuisset
1023 1572 1146 1609 ituras
1167 1602 1175 1609 .

260 1630 331 1669 Hic
362 1631 489 1681 patrio
521 1628 569 1668 de
602 1640 710 1667 more
743 1628 823 1667 Iovi
856 1641 945 1668 cum
978 1637 1087 1668 sacra
1119 1634 1346 1682 parassent,

259 1687 310 1728 Ut
340 1694 453 1727 vetus
485 1689 660 1726 accensis
692 1687 895 1726 incanduit
926 1687 1081 1739 ignibus
1114 1700 1204 1739 ara,

261 1747 430 1798 Serpere
462 1745 688 1785 caeruleum
719 1745 839 1785 Danai
869 1745 1003 1785 videre
1036 1746 1246 1785 draconem

260 1805 303 1844 In
335 1804 564 1858 platanum,
595 1805 745 1855 coeptis
778 1816 877 1856 quae
908 1804 1036 1843 stabat
1065 1806 1241 1856 proxima
1273 1805 1417 1844 sacris.

200 1872 238 1903 15
259 1863 383 1902 Nidus
415 1869 499 1902 erat
529 1862 733 1902 volucrum
765 1862 825 1902 his
857 1868 1042 1914 quattuor
1074 1862 1215 1902 arbore
1247 1875 1420 1916 summa,

261 1922 365 1968 Quas
398 1921 514 1961 simul
546 1927 584 1960 et
615 1927 780 1960 matrem
812 1922 962 1960 circum
994 1933 1063 1960 sua
1096 1921 1235 1960 damna
1266 1921 1458 1961 volantem

261 1980 461 2031 Corripuit
492 1992 656 2031 serpens
688 1980 878 2031 avidoque
911 1978 1156 2018 abscondidit
1187 1991 1278 2019 ore.

261 2039 499 2090 Obstipuere
532 2050 668 2077 omnes
688 2069 697 2078 .
735 2043 775 2077 at
804 2039 887 2077 veri
917 2038 1104 2089 providus
1129 2036 1260 2089 'augur

260 2097 514 2136 Thestorides
546 2093 763 2136 ‘vincemus
782 2093 810 2150 ‚⁹
842 2097 895 2135 ait
926 2093 1106 2148 ‘gaudete
1125 2128 1136 2149 ‚
1168 2096 1343 2148 Pelasgi.

200 2164 241 2195 20
261 2156 378 2195 Troia
410 2155 551 2208 cadet3
582 2155 651 2194 sed
684 2156 759 2194 erit
790 2156 916 2194 nostri
948 2166 1055 2193 mora
1087 2154 1200 2206 longa
1231 2152 1390 2194 laboris’

261 2214 388 2265 Atque
420 2226 560 2253 novem
590 2213 770 2252 volucres
802 2215 842 2252 in
874 2212 966 2252 belli
997 2212 1138 2264 digerit
1169 2225 1313 2252 annos.

261 2271 328 2310 llle
348 2303 359 2324 ,
390 2277 435 2311 ut
466 2278 579 2325 erat,
610 2271 755 2311 virides
787 2271 987 2323 amplexus
1018 2273 1058 2310 in
1090 2271 1231 2311 arbore
1263 2284 1391 2312 ramos

262 2329 323 2368 Fit
348 2329 467 2382 lapis3
495 2336 534 2369 et
559 2335 721 2383 superat
745 2332 940 2382 serpentis
966 2331 1133 2382 imagine
1159 2342 1316 2370 saxum.
1337 2339 1365 2366 ί.
1384 2339 1468 2366 clxx!

1552 2319 1554 2381 l
