1554 2563
135 116 268 151 XXXII

133 228 319 266 translati
361 228 403 265 in
443 227 512 265 illo
552 226 742 266 vocabulo
788 239 927 266 sensus
967 227 1189 277 exemplum
1227 241 1248 267 e
1285 228 1471 268 Petronio

134 287 281 325 sistunt
322 286 456 324 lexica.
519 285 619 324 addo
666 286 837 324 alterum
881 285 1000 324 Plinii
1044 286 1092 323 N.
1124 287 1162 324 h.
1202 295 1251 325 1x
1274 288 1376 325 122:
1414 308 1472 314 —-

132 346 308 384 histrioni
337 345 447 382 nulla
471 345 671 392 sponsione
702 345 753 382 ad
782 345 849 383 hoc
872 345 1077 393 producto,
1095 365 1145 371 —-
1162 346 1228 383 sed
1257 349 1300 383 ut
1330 347 1473 394 experi-

131 407 237 442 retur
268 411 492 442 INGLUVIE
519 403 663 452 palati,
701 403 886 450 quidnam
915 406 1093 451 saperent
1120 406 1366 452 marqaritae.
1415 405 1473 443 ita

133 463 237 500 enim
269 462 426 511 corrigo
460 461 564 510 quod
596 461 742 510 editur,
781 463 823 500 in
850 462 978 509 ⁸qlorz’a
1000 462 1140 510 palati.
1291 459 1375 501 297
1411 471 1471 501 DE

134 529 226 567 QUA
259 529 406 558 ΤΕΝΕΤ
438 527 608 558 INSULA
640 528 811 559 NOMEN.
861 520 919 558 ita
950 520 1007 569 M;
1040 522 1080 559 et
1114 517 1290 569 Κινύρας
1321 517 1471 560 Ἀπόλ-

134 579 270 619 λωνοε
308 576 375 617 καὶ
411 574 571 626 Πάφου
616 579 854 617 scholiastae
894 579 1057 616 Pindari
1101 578 1150 617 ad
1187 580 1305 630 Pyth.
1344 588 1378 618 11
1408 581 1472 619 15.

250 635 333 677 381
380 645 594 675 PATIENTI
634 644 842 675 vmanA
886 645 1050 676 coLLo.
1112 638 1167 675 sic
1210 638 1369 689 scripsi,
1412 639 1473 678 uti

134 706 180 735 Vl
217 698 298 735 134
343 696 585 735 contrarium
633 696 825 734 habemus
870 696 1074 744 laqueoque
1116 698 1291 735 animosa
1341 698 1474 746 liqavit

134 755 316 794 Guttam.
370 755 535 803 pallenti
565 754 656 793 collo
687 754 880 792 librorum
911 755 1086 793 omnium
1117 755 1232 793 nihili
1263 758 1335 794 est.

131 812 218 853 500
260 814 349 852 Esr
393 821 552 852 nonon
595 821 622 850 Ε
667 820 897 853 LAcmms.
956 813 1049 851 libn’
1088 816 1121 852 et
1157 814 1338 853 lacrimis.
1387 814 1472 865 ipse

131 874 238 911 Fast.
271 881 300 910 V
321 872 403 910 228
437 872 499 910 De
529 882 692 919 qnorum
715 883 789 919 per
819 883 878 910 me
907 872 1062 910 vulnere
1091 874 1215 921 suryit
1243 873 1370 913 honos.

134 933 215 970 637
244 931 360 976 Qun)
388 938 535 979 rAcrr,
568 937 811 969 IGNORANS.
862 931 1108 981 manifestus,
1140 934 1333 980 quantum
1362 934 1472 983 puto,

131 990 403 1028 barbarismus
436 991 476 1027 et
508 989 591 1027 sine
623 989 814 1038 exemplo.
864 1001 1010 1038 graeca
1036 991 1238 1028 structura
1262 1002 1341 1029 non
1364 991 1473 1030 ultra

130 1049 171 1086 id
201 1060 340 1098 genus,
372 1047 477 1097 quod
508 1049 570 1086 est
602 1060 722 1096 supra
752 1061 787 1086 v.
811 1048 908 1098 393,
936 1047 988 1086 Ut
1016 1049 1338 1099 sibieommittat,
1370 1051 1471 1097 quic-

130 1108 222 1155 quid
264 1107 377 1156 dolet,
422 1106 484 1144 usi
527 1106 713 1144 videntur
755 1107 914 1155 poetae,
959 1107 1028 1145 sed
1071 1107 1112 1144 in
1155 1107 1470 1157 interrogatione

131 1165 400 1205 coniunctivbs
431 1166 498 1214 sit,
536 1167 646 1215 esset,
684 1165 861 1212 reticent.
911 1165 1046 1215 itaque
1077 1177 1324 1204 correxeram
1356 1166 1470 1212 QUID

130 1232 329 1273 FACTUM,
379 1225 579 1272 iynorans,
628 1223 761 1272 qualia
802 1224 994 1272 leguntur
1032 1232 1066 1261 11
1088 1225 1170 1263 859
1218 1233 1271 1262 111
1295 1227 1376 1264 721
1424 1234 1471 1264 1v

135 1285 216 1321 330
262 1291 290 1321 v
313 1283 396 1320 520
429 1283 512 1320 573
554 1283 723 1320 V11566
764 1283 857 1319 1x2
897 1283 1031 1320 x552
1067 1283 1148 1320 651
1190 1284 1342 1322 x1683
1386 1292 1471 1323 xm

130 1344 213 1380 497
260 1350 323 1379 XV
345 1341 411 1378 68.
461 1340 530 1378 sed
567 1340 728 1378 tametsi
771 1340 812 1377 in
856 1341 1076 1389 scripturae
1120 1341 1349 1391 compendio
1393 1355 1471 1381 una

131 1402 286 1439 tantum
329 1399 467 1437 littera
509 1399 659 1448 differt,
703 1399 929 1437 duriuscule
973 1400 1013 1437 id
1050 1401 1091 1438 et
1127 1400 1259 1449 ipsum
1296 1400 1472 1439 accidere

130 1460 269 1497 visum.
326 1458 454 1496 delevi
496 1457 537 1495 in
573 1457 772 1507 plagulis,
816 1469 888 1495 nec
924 1458 1041 1506 plane
1079 1458 1130 1496 ad
1169 1459 1470 1508 proscribendos

130 1529 268 1557 versus
309 1518 391 1555 636
434 1517 514 1554 637
556 1516 790 1555 adducebar.
853 1515 1112 1555 Coniecturae
1147 1517 1284 1557 insunt
1315 1518 1470 1557 Heinsii

132 1577 198 1626 98,
231 1575 384 1625 Ungeri
406 1576 500 1624 162,
534 1574 723 1613 Gronovii
756 1576 852 1625 271,
883 1575 1050 1625 Bergkii
1076 1576 1171 1614 718.
1221 1576 1253 1614 Ε
1285 1577 1471 1626 praebuit

133 1637 186 1673 10
219 1635 338 1672 talum
391 1634 442 1671 15
476 1633 666 1671 omissum
703 1633 744 1671 in
782 1633 823 1670 M
875 1634 925 1672 21
960 1645 1027 1672 nec
1063 1635 1120 1673 uti
1157 1629 1262 1687 (ΜΡ)
1314 1637 1366 1675 23
1414 1637 1465 1675 61

131 1693 184 1731 68
232 1694 284 1731 93
334 1693 414 1730 113
463 1693 542 1729 121
593 1693 674 1730 173
724 1692 805 1730 175
852 1693 933 1730 231
983 1694 1065 1731 243
1091 1694 1372 1741 piym.neuum
1396 1706 1470 1742 per

129 1753 437 1798 criminayentes
479 1750 560 1788 295
608 1751 691 1789 333
738 1752 820 1789 346
867 1751 948 1789 359
995 1752 1078 1789 408
1124 1753 1210 1790 430
1254 1753 1339 1791 434
1385 1754 1468 1792 446

130 1811 213 1848 468
265 1810 350 1847 482
402 1809 485 1846 483
539 1810 620 1847 501
677 1810 758 1847 543
813 1810 897 1847 550
949 1810 1032 1847 554
1065 1804 1130 1861 (en
1153 1811 1286 1849 solitus
1311 1811 1363 1862 M,
1393 1811 1471 1850 for-

128 1870 236 1906 tasse
262 1868 380 1916 longe
400 1862 566 1918 rectius)
612 1868 694 1905 558
740 1868 822 1906 559
870 1868 951 1906 569
999 1869 1081 1905 612
1128 1869 1209 1907 613
1257 1870 1339 1908 615
1387 1871 1469 1908 626

131 1927 213 1965 648
269 1928 350 1964 653
406 1927 489 1964 654
540 1927 623 1964 660
681 1927 763 1964 673
824 1926 904 1964 682
965 1926 1047 1965 687
1107 1928 1187 1965 691
1245 1929 1327 1966 697
1387 1930 1471 1968 700

131 1986 212 2024 709
268 1986 351 2022 710
404 1985 486 2022 716
540 1985 620 2023 731
677 1985 757 2023 732
812 1985 907 2022 734.

248 2039 352 2080 LIB.
379 2038 440 2080 XI
470 2055 505 2081 v.
533 2038 591 2080 45
622 2051 680 2080 TE
706 2050 922 2081 CARMINA.
973 2045 1007 2081 te
1036 2056 1108 2093 pro
1141 2047 1209 2082 tua
1240 2044 1323 2082 sine
1354 2045 1468 2084 libris

129 2113 192 2139 me
235 2101 391 2139 dedisse
434 2101 475 2138 in
517 2101 722 2150 proecdosi
764 2101 1032 2140 indicaveram
1074 2115 1111 2151 p.
1136 2111 1229 2141 XIV.
1285 2105 1470 2152 poterant

129 2159 206 2197 duo
245 2159 496 2197 hemistichia
533 2159 817 2198 circumscribi:
856 2159 925 2198 sed
962 2161 1047 2198 toto
1085 2161 1158 2199 hoc
1195 2161 1280 2199 loco
1318 2161 1409 2200 inde
1447 2174 1470 2200 a

128 2231 164 2256 v.
188 2218 239 2256 15
273 2218 323 2255 ad
355 2219 408 2255 49
445 2218 540 2256 satis
579 2218 706 2256 multa
743 2218 934 2256 sermonis
974 2220 1044 2256 aut
1076 2231 1208 2256 rerum
1240 2219 1470 2258 discrimina

128 2276 454 2325 interpolationes
486 2276 734 2314 diversarum
765 2289 953 2314 manuum
983 2277 1151 2326 prodere
1183 2277 1379 2316 videntur.

132 2331 214 2373 104
233 2342 423 2373 MUNERA
444 2342 620 2373 SOLVIT.
653 2335 811 2373 obelum
830 2335 1056 2384 appositum
1080 2335 1291 2374 volueram.
1324 2348 1469 2376 munus
