1554 2563
530 91 598 126 VH
619 118 627 136 ,
653 91 856 127 854—vl11
872 119 880 136 ‚
906 95 972 126 56.
1093 104 1220 127 scum
1344 91 1423 133 151

138 210 182 242 20
203 201 388 254 Spectare
422 213 469 240 ex
499 200 564 240 ina
596 200 710 253 rigidi
742 202 955 240 certamina
985 200 1143 241 MartIS.

203 259 361 312 Iamque
393 271 501 299 mora
532 259 624 299 belli
654 272 866 312 procerum
907 272 1062 311 quoque
1101 261 1258 300 nomina
1290 269 1425 313 norat,

202 319 396 370 Armaque
417 330 618 370 equosque
638 318 871 370 habitusque
894 318 1173 371 Cydoneasque
1200 319 1425 371 pharetras.

203 377 373 417 Noverat
403 383 492 416 ante
525 377 619 416 alios
653 377 791 416 faciem
823 377 934 417 ducis
964 377 1139 430 Europei
1156 410 1168 431 ‚

202 436 295 476 Plus
327 437 443 476 etiam
462 467 473 488 ,
505 448 621 487 quam
654 448 770 475 nosse
803 441 862 476 sat
894 442 981 476 est.
1019 436 1091 476 hac
1122 437 1251 477 iudice
1278 437 1427 489 Minos,

141 502 183 534 25
206 495 283 534 Seu
316 500 433 547 caput
464 493 666 534 abdiderat
697 496 856 534 cristata
888 495 1037 534 casside
1069 498 1232 549 pennis,

206 553 247 592 In
279 553 386 606 galea
419 554 613 593 formosus
646 560 759 606 erat3
791 566 862 593 seu
894 561 1117 605 sumpserat
1148 567 1243 594 auro

206 612 436 664 Fulgentem
468 612 665 665 clipeum,
698 612 868 664 clipeum
900 615 1114 664 sumpsisse
1147 613 1331 654 decebat.

204 671 392 710 Torserat
423 670 601 710 adductis
632 671 785 711 hastilia
816 671 921 711 lenta
953 672 1134 712 lacertis:

205 729 402 769 Laudabat
432 731 540 781 virgo
573 731 746 770 iunctam
778 743 868 770 cum
900 731 1047 770 viribus
1080 737 1225 770 artem.

139 789 378 841 301nposito
410 788 557 828 calamo
590 789 743 841 patulos
775 791 998 829 sinuaverat
1029 802 1168 830 arcus:

206 847 270 887 Sic
302 847 504 887 Phoebum
536 849 703 899 sumptis
736 848 889 887 iurabat
921 855 1024 887 stare
1057 850 1231 900 sagittis.

204 906 302 946 Cum
332 918 424 945 vero
457 907 596 946 faciem
628 906 785 959 dempto
818 907 1031 947 nudaverat
1062 920 1175 961 aere,

206 965 513 1017 Purpureusque
546 965 623 1004 albi
654 967 788 1005 stratis
820 967 986 1017 insignia
1016 968 1133 1018 pictis

203 1024 330 1076 Terga
361 1023 564 1076 premebat
595 1026 686 1075 equi
718 1027 1017 1076 spumantiaque
1051 1037 1117 1064 ora
1149 1025 1333 1078 regebat,

137 1090 182 1122 35
204 1082 273 1122 Vix
305 1095 404 1135 sua,
435 1084 497 1122 vix
528 1095 644 1122 sanae
678 1084 784 1134 virgo
817 1083 947 1122 Niseia
979 1095 1138 1135 compos

206 1141 344 1181 Mentis
377 1148 489 1181 erat:
521 1141 613 1181 felix
643 1141 843 1194 iaculum,
876 1142 980 1193 quod
1015 1147 1192 1194 tangeret
1223 1142 1311 1196 ille,

206 1200 391 1251 Quaeque
424 1212 540 1239 manu
572 1206 800 1253 premeret,
832 1201 959 1240 felicia
991 1202 1101 1240 frena
1132 1201 1314 1241 vocabat.

207 1260 377 1311 Impetus
410 1265 470 1298 est
501 1259 584 1312 illi,
617 1259 731 1298 liceat
762 1259 876 1298 modo
895 1291 906 1313 ‚
939 1260 1044 1299 serre
1070 1272 1142 1312 per
1173 1273 1310 1312 agmen

205 1317 406 1369 Virgineus
439 1317 579 1356 hostile
611 1318 785 1371 gradus;
817 1324 877 1357 est
908 1320 1077 1370 impetus
1110 1318 1164 1358 illi

140 1385 184 1416 ⁴20
203 1376 398 1416 Turribus
429 1389 450 1416 e
483 1378 646 1416 summis
678 1380 718 1416 in
750 1376 894 1416 Gnosia
927 1380 1082 1417 mittere
1115 1391 1258 1429 corpus

206 1435 340 1474 Castra
359 1467 369 1487 ,
402 1435 461 1474 vel
493 1441 645 1474 aeratas
677 1435 781 1474 hosti
812 1436 1017 1475 recludere
1050 1442 1206 1489 portas,

207 1493 272 1533 Vel
303 1493 432 1545 siquid
463 1493 589 1532 Minos
621 1494 724 1533 aliud
756 1495 881 1534 velit.
920 1501 1042 1546 utque
1075 1494 1236 1534 sedebat

206 1552 376 1592 Candida
408 1552 555 1592 Dictaei
587 1558 769 1604 spectans
802 1555 969 1592 tentoria
1002 1555 1129 1607 regis,

208 1609 363 1650 ‘Laeter
381 1608 407 1664 ,³
440 1612 494 1650 ait
525 1608 742 1650 ‘doleamne
775 1613 859 1663 geri
889 1612 1127 1651 lacrimabile
1158 1612 1329 1666 bellum,

140 1679 185 1710 45
206 1670 249 1710 In
281 1669 399 1709 dubio
434 1675 521 1710 est:
554 1670 665 1709 doleo
684 1701 695 1723 ,
729 1671 831 1721 quod
857 1670 983 1710 Minos
1014 1670 1138 1710 hostiS
1171 1674 1315 1711 amanti
1347 1677 1429 1712 est:

207 1729 283 1768 Sed
316 1730 391 1768 nisi
422 1728 522 1767 bella
556 1730 684 1768 rorent
702 1761 712 1781 ‚
746 1729 937 1781 numquid
969 1729 1065 1769 mihi
1090 1732 1271 1782 cognitus
1292 1728 1430 1771 esset?

206 1788 265 1826 Me
299 1794 428 1827 tamen
460 1793 619 1839 accepta
651 1793 805 1839 poterat
836 1789 1033 1840 deponere
1066 1788 1212 1828 bellum

207 1846 380 1899 Obside3
412 1859 473 1886 me
506 1848 718 1898 comitem,
751 1859 812 1886 me
844 1849 950 1898 pacis
982 1848 1123 1899 pignus
1156 1847 1340 1888 haberet.

208 1905 249 1944 Si
282 1917 380 1956 quae
414 1911 450 1945 te
483 1907 648 1957 genuit,
681 1905 766 1945 talis
785 1937 796 1957 ,
827 1905 1091 1957 pulcherrime
1126 1918 1282 1959 rerum,

140 1973 186 2004 50
207 1963 340 2010 Qualis
373 1977 415 2004 es
446 1966 530 2016 ipse
549 1996 561 2018 ‚
593 1965 667 2004 suit
685 1996 696 2017 ,
728 1966 869 2003 merito
902 1964 999 2004 deus
1032 1966 1127 2004 arsit
1157 1967 1198 2004 in
1231 1965 1316 2006 illa.

208 2022 239 2062 Ο
272 2035 343 2074 ego
376 2028 436 2063 ter
468 2023 590 2075 felix,
622 2024 655 2062 si
687 2024 826 2075 pennis
859 2023 963 2075 lapsa
995 2035 1066 2075 per
1097 2035 1212 2062 auras

207 2081 388 2122 Gnosiaci
418 2095 576 2134 possem
608 2083 747 2121 castris
779 2083 963 2121 insistere
996 2083 1124 2135 regis,

206 2140 401 2192 Fassaque
433 2153 495 2180 me
520 2141 772 2192 flammasque
806 2153 939 2194 meas,
973 2153 1048 2192 qua
1080 2141 1169 2180 dote
1188 2172 1200 2194 ,
1231 2153 1429 2194 rogarem,

208 2198 329 2238 Vellet
360 2202 466 2240 emi:
499 2206 650 2240 tantum
682 2201 826 2252 patrias
860 2212 907 2238 ne
940 2206 1122 2251 posceret
1153 2212 1286 2240 arces.

141 2266 185 2298 55
206 2257 302 2297 Nam
335 2264 498 2310 pereant
528 2260 659 2311 potius
691 2263 845 2310 sperata
878 2258 1048 2312 cubilia,
1082 2271 1198 2310 quam
1229 2260 1303 2298 sim

206 2316 431 2357 Proditione
462 2324 631 2371 potens.
671 2319 846 2369 quamvis
877 2329 992 2370 saepe
1025 2317 1120 2357 utile
1153 2319 1254 2357 vinci
