<?xml version="1.0" encoding="UTF-8"?>
<!DOCTYPE html PUBLIC "-//W3C//DTD XHTML 1.0 Transitional//EN"
    "http://www.w3.org/TR/xhtml1/DTD/xhtml1-transitional.dtd">
<html xmlns="http://www.w3.org/1999/xhtml" xml:lang="en" lang="en">
 <head>
  <title>
</title>
<meta http-equiv="Content-Type" content="text/html;charset=utf-8" />
  <meta name='ocr-system' content='tesseract 3.04.00' />
  <meta name='ocr-capabilities' content='ocr_page ocr_carea ocr_par ocr_line ocrx_word'/>
</head>
<body>
  <div class='ocr_page' id='page_1' title='image "./operaovid02oviduoft_0165.png"; bbox 0 0 1554 2563; ppageno 0'>
   <div class='ocr_carea' id='block_1_1' title="bbox 595 62 1416 128">
    <p class='ocr_par' dir='ltr' id='par_1_1' title="bbox 595 62 1416 128">
     <span class='ocr_line' id='line_1_1' title="bbox 595 62 1416 128; baseline 0 -8"><span class='ocrx_word' id='word_1_1' title='bbox 595 84 627 120; x_wconf 80' lang='lat' dir='ltr'><strong>V</strong></span> <span class='ocrx_word' id='word_1_2' title='bbox 642 111 653 128; x_wconf 82' lang='lat'><em>,</em></span> <span class='ocrx_word' id='word_1_3' title='bbox 679 87 861 120; x_wconf 79' lang='lat'><strong>135—20‘1</strong></span> <span class='ocrx_word' id='word_1_4' title='bbox 878 111 886 119; x_wconf 89' lang='lat'><strong>.</strong></span> <span class='ocrx_word' id='word_1_5' title='bbox 1007 62 1012 67; x_wconf 35' lang='grc' dir='ltr'>Ι</span> <span class='ocrx_word' id='word_1_6' title='bbox 1048 97 1196 120; x_wconf 61' lang='lat' dir='ltr'><strong>censens</strong></span> <span class='ocrx_word' id='word_1_7' title='bbox 1359 85 1416 127; x_wconf 85' lang='lat'><strong>93</strong></span> 
     </span>
    </p>
   </div>
   <div class='ocr_carea' id='block_1_2' title="bbox 100 194 1412 2361">
    <p class='ocr_par' dir='ltr' id='par_1_2' title="bbox 192 194 1164 246">
     <span class='ocr_line' id='line_1_2' title="bbox 192 194 1164 246; baseline 0.003 -14"><span class='ocrx_word' id='word_1_8' title='bbox 192 194 277 233; x_wconf 81' lang='lat' dir='ltr'><strong>Non</strong></span> <span class='ocrx_word' id='word_1_9' title='bbox 310 196 608 246; x_wconf 80' lang='lat' dir='ltr'><strong>circumspectis</strong></span> <span class='ocrx_word' id='word_1_10' title='bbox 639 201 818 234; x_wconf 88' lang='lat' dir='ltr'><strong>exactum</strong></span> <span class='ocrx_word' id='word_1_11' title='bbox 851 194 998 234; x_wconf 87' lang='lat' dir='ltr'><strong>viribus</strong></span> <span class='ocrx_word' id='word_1_12' title='bbox 1031 207 1164 235; x_wconf 80' lang='lat' dir='ltr'><strong>ensem</strong></span> 
     </span>
    </p>

    <p class='ocr_par' dir='ltr' id='par_1_3' title="bbox 190 252 1354 411">
     <span class='ocr_line' id='line_1_3' title="bbox 190 252 1238 306; baseline 0.002 -14"><span class='ocrx_word' id='word_1_13' title='bbox 190 252 323 304; x_wconf 84' lang='lat' dir='ltr'><strong>Fregit</strong></span> <span class='ocrx_word' id='word_1_14' title='bbox 353 255 393 292; x_wconf 93' lang='lat' dir='ltr'><strong>in</strong></span> <span class='ocrx_word' id='word_1_15' title='bbox 425 261 596 293; x_wconf 84' lang='lat' dir='ltr'><strong>extrema</strong></span> <span class='ocrx_word' id='word_1_16' title='bbox 627 265 838 306; x_wconf 82' lang='lat' dir='ltr'><strong>percussae</strong></span> <span class='ocrx_word' id='word_1_17' title='bbox 869 260 979 306; x_wconf 88' lang='lat' dir='ltr'><strong>parte</strong></span> <span class='ocrx_word' id='word_1_18' title='bbox 1012 254 1238 294; x_wconf 85' lang='lat' dir='ltr'><strong>columnae:</strong></span> 
     </span>
     <span class='ocr_line' id='line_1_4' title="bbox 191 310 1354 365; baseline 0.002 -15"><span class='ocrx_word' id='word_1_19' title='bbox 191 310 389 351; x_wconf 83' lang='lat' dir='ltr'><strong>Lammina</strong></span> <span class='ocrx_word' id='word_1_20' title='bbox 420 312 617 364; x_wconf 90' lang='lat' dir='ltr'><strong>dissiluit,</strong></span> <span class='ocrx_word' id='word_1_21' title='bbox 649 312 874 364; x_wconf 82' lang='lat' dir='ltr'><strong>dominique</strong></span> <span class='ocrx_word' id='word_1_22' title='bbox 905 314 945 352; x_wconf 89' lang='lat' dir='ltr'><strong>in</strong></span> <span class='ocrx_word' id='word_1_23' title='bbox 976 317 1136 365; x_wconf 85' lang='lat' dir='ltr'><strong>gutture</strong></span> <span class='ocrx_word' id='word_1_24' title='bbox 1167 313 1242 352; x_wconf 87' lang='lat' dir='ltr'><strong>fixa</strong></span> <span class='ocrx_word' id='word_1_25' title='bbox 1273 320 1354 352; x_wconf 85' lang='lat' dir='ltr'><strong>est.</strong></span> 
     </span>
     <span class='ocr_line' id='line_1_5' title="bbox 190 369 1261 411; baseline 0.002 -2"><span class='ocrx_word' id='word_1_26' title='bbox 190 369 275 409; x_wconf 89' lang='lat' dir='ltr'><strong>Non</strong></span> <span class='ocrx_word' id='word_1_27' title='bbox 307 376 438 410; x_wconf 88' lang='lat' dir='ltr'><strong>tamen</strong></span> <span class='ocrx_word' id='word_1_28' title='bbox 470 371 515 410; x_wconf 88' lang='lat' dir='ltr'><strong>ad</strong></span> <span class='ocrx_word' id='word_1_29' title='bbox 548 371 669 410; x_wconf 88' lang='lat' dir='ltr'><strong>letum</strong></span> <span class='ocrx_word' id='word_1_30' title='bbox 701 383 837 411; x_wconf 86' lang='lat' dir='ltr'><strong>causas</strong></span> <span class='ocrx_word' id='word_1_31' title='bbox 869 372 963 410; x_wconf 90' lang='lat' dir='ltr'><strong>satis</strong></span> <span class='ocrx_word' id='word_1_32' title='bbox 994 371 1058 411; x_wconf 89' lang='lat' dir='ltr'><strong>illa</strong></span> <span class='ocrx_word' id='word_1_33' title='bbox 1090 371 1261 411; x_wconf 87' lang='lat' dir='ltr'><strong>valentes</strong></span> 
     </span>
    </p>

    <p class='ocr_par' dir='ltr' id='par_1_4' title="bbox 106 428 1412 717">
     <span class='ocr_line' id='line_1_6' title="bbox 106 428 1347 481; baseline 0.001 -14"><span class='ocrx_word' id='word_1_34' title='bbox 106 436 169 468; x_wconf 77' lang='lat'><strong>175</strong></span> <span class='ocrx_word' id='word_1_35' title='bbox 190 428 305 480; x_wconf 83' lang='lat' dir='ltr'>Plaga</span> <span class='ocrx_word' id='word_1_36' title='bbox 337 429 473 469; x_wconf 85' lang='lat' dir='ltr'><strong>dedit:</strong></span> <span class='ocrx_word' id='word_1_37' title='bbox 505 429 701 481; x_wconf 90' lang='lat' dir='ltr'><strong>trepidum</strong></span> <span class='ocrx_word' id='word_1_38' title='bbox 734 430 904 469; x_wconf 89' lang='lat' dir='ltr'><strong>Perseus</strong></span> <span class='ocrx_word' id='word_1_39' title='bbox 936 436 976 469; x_wconf 93' lang='lat' dir='ltr'><strong>et</strong></span> <span class='ocrx_word' id='word_1_40' title='bbox 1006 431 1170 470; x_wconf 82' lang='lat' dir='ltr'><strong>inermia</strong></span> <span class='ocrx_word' id='word_1_41' title='bbox 1202 430 1347 470; x_wconf 82' lang='lat' dir='ltr'><strong>frustra</strong></span> 
     </span>
     <span class='ocr_line' id='line_1_7' title="bbox 190 486 1248 541; baseline 0.002 -15"><span class='ocrx_word' id='word_1_42' title='bbox 190 486 374 527; x_wconf 86' lang='lat' dir='ltr'><strong>Bracchia</strong></span> <span class='ocrx_word' id='word_1_43' title='bbox 408 488 635 527; x_wconf 81' lang='lat' dir='ltr'><strong>tendentem</strong></span> <span class='ocrx_word' id='word_1_44' title='bbox 669 488 865 540; x_wconf 85' lang='lat' dir='ltr'><strong>Cyllenide</strong></span> <span class='ocrx_word' id='word_1_45' title='bbox 899 489 1074 529; x_wconf 78' lang='lat' dir='ltr'><strong>confodit</strong></span> <span class='ocrx_word' id='word_1_46' title='bbox 1103 488 1248 541; x_wconf 87' lang='lat' dir='ltr'><strong>harpe.</strong></span> 
     </span>
     <span class='ocr_line' id='line_1_8' title="bbox 189 545 1259 600; baseline 0.005 -18"><span class='ocrx_word' id='word_1_47' title='bbox 189 545 333 586; x_wconf 91' lang='lat' dir='ltr'><strong>Verum</strong></span> <span class='ocrx_word' id='word_1_48' title='bbox 365 546 432 586; x_wconf 89' lang='lat' dir='ltr'><strong>ubi</strong></span> <span class='ocrx_word' id='word_1_49' title='bbox 463 548 647 587; x_wconf 87' lang='lat' dir='ltr'><strong>virtutem</strong></span> <span class='ocrx_word' id='word_1_50' title='bbox 681 547 818 586; x_wconf 87' lang='lat' dir='ltr'><strong>turbae</strong></span> <span class='ocrx_word' id='word_1_51' title='bbox 850 548 1109 587; x_wconf 85' lang='lat' dir='ltr'><strong>succumbere</strong></span> <span class='ocrx_word' id='word_1_52' title='bbox 1141 548 1259 600; x_wconf 88' lang='lat' dir='ltr'><strong>vidit,</strong></span> 
     </span>
     <span class='ocr_line' id='line_1_9' title="bbox 191 602 1412 659; baseline 0.002 -15"><span class='ocrx_word' id='word_1_53' title='bbox 191 602 401 645; x_wconf 83' lang='lat' dir='ltr'><strong>‘Auxilium</strong></span> <span class='ocrx_word' id='word_1_54' title='bbox 419 602 446 658; x_wconf 89' lang='lat'><strong>,&#39;</strong></span> <span class='ocrx_word' id='word_1_55' title='bbox 477 605 647 645; x_wconf 90' lang='lat' dir='ltr'><strong>Perseus</strong></span> <span class='ocrx_word' id='word_1_56' title='bbox 679 603 879 657; x_wconf 82' lang='lat' dir='ltr'><strong>‘quoniam</strong></span> <span class='ocrx_word' id='word_1_57' title='bbox 910 607 967 645; x_wconf 91' lang='lat' dir='ltr'><strong>sic</strong></span> <span class='ocrx_word' id='word_1_58' title='bbox 999 607 1138 658; x_wconf 82' lang='lat' dir='ltr'><strong>cogitis</strong></span> <span class='ocrx_word' id='word_1_59' title='bbox 1169 608 1245 658; x_wconf 90' lang='lat' dir='ltr'><strong>ipsi</strong></span> <span class='ocrx_word' id='word_1_60' title='bbox 1256 603 1283 659; x_wconf 80' lang='lat'><strong>‚⁹</strong></span> <span class='ocrx_word' id='word_1_61' title='bbox 1309 613 1412 640; x_wconf 50' lang='lat' dir='ltr'><strong>mliv&gt;</strong></span> 
     </span>
     <span class='ocr_line' id='line_1_10' title="bbox 194 661 1297 717; baseline 0.002 -14"><span class='ocrx_word' id='word_1_62' title='bbox 194 662 298 703; x_wconf 83' lang='lat' dir='ltr'><strong>Dixit</strong></span> <span class='ocrx_word' id='word_1_63' title='bbox 329 661 391 703; x_wconf 78' lang='lat' dir='ltr'><strong>‘ab</strong></span> <span class='ocrx_word' id='word_1_64' title='bbox 424 664 535 704; x_wconf 89' lang='lat' dir='ltr'><strong>hoste</strong></span> <span class='ocrx_word' id='word_1_65' title='bbox 567 672 726 716; x_wconf 87' lang='lat' dir='ltr'><strong>petam.</strong></span> <span class='ocrx_word' id='word_1_66' title='bbox 764 665 894 704; x_wconf 88' lang='lat' dir='ltr'><strong>vultus</strong></span> <span class='ocrx_word' id='word_1_67' title='bbox 926 666 1087 705; x_wconf 88' lang='lat' dir='ltr'><strong>avertite</strong></span> <span class='ocrx_word' id='word_1_68' title='bbox 1120 671 1297 717; x_wconf 87' lang='lat' dir='ltr'><strong>vestros,</strong></span> 
     </span>
    </p>

    <p class='ocr_par' dir='ltr' id='par_1_5' title="bbox 105 720 1364 1011">
     <span class='ocr_line' id='line_1_11' title="bbox 105 720 1265 775; baseline 0.002 -14"><span class='ocrx_word' id='word_1_69' title='bbox 105 730 170 761; x_wconf 71' lang='lat'><strong>180</strong></span> <span class='ocrx_word' id='word_1_70' title='bbox 192 722 322 774; x_wconf 87' lang='lat' dir='ltr'><strong>Siquis</strong></span> <span class='ocrx_word' id='word_1_71' title='bbox 355 724 502 762; x_wconf 86' lang='lat' dir='ltr'><strong>amicus</strong></span> <span class='ocrx_word' id='word_1_72' title='bbox 535 723 645 763; x_wconf 87' lang='lat' dir='ltr'><strong>adest</strong></span> <span class='ocrx_word' id='word_1_73' title='bbox 658 720 683 763; x_wconf 84' lang='lat'><strong>!’</strong></span> <span class='ocrx_word' id='word_1_74' title='bbox 716 730 755 762; x_wconf 90' lang='lat' dir='ltr'><strong>et</strong></span> <span class='ocrx_word' id='word_1_75' title='bbox 787 724 979 775; x_wconf 83' lang='lat' dir='ltr'><strong>Gorgonis</strong></span> <span class='ocrx_word' id='word_1_76' title='bbox 1006 724 1144 763; x_wconf 86' lang='lat' dir='ltr'><strong>extulit</strong></span> <span class='ocrx_word' id='word_1_77' title='bbox 1176 736 1265 763; x_wconf 91' lang='lat' dir='ltr'><strong>ora.</strong></span> 
     </span>
     <span class='ocr_line' id='line_1_12' title="bbox 190 778 1355 834; baseline 0.002 -14"><span class='ocrx_word' id='word_1_78' title='bbox 190 778 357 827; x_wconf 78' lang='lat' dir='ltr'><strong>‘Quaere</strong></span> <span class='ocrx_word' id='word_1_79' title='bbox 389 782 536 834; x_wconf 86' lang='lat' dir='ltr'><strong>alium,</strong></span> <span class='ocrx_word' id='word_1_80' title='bbox 568 790 634 821; x_wconf 86' lang='lat' dir='ltr'><strong>tua</strong></span> <span class='ocrx_word' id='word_1_81' title='bbox 666 794 782 833; x_wconf 90' lang='lat' dir='ltr'><strong>quem</strong></span> <span class='ocrx_word' id='word_1_82' title='bbox 815 789 994 822; x_wconf 90' lang='lat' dir='ltr'><strong>moveant</strong></span> <span class='ocrx_word' id='word_1_83' title='bbox 1025 780 1227 822; x_wconf 83' lang='lat' dir='ltr'><strong>miracula’</strong></span> <span class='ocrx_word' id='word_1_84' title='bbox 1260 782 1355 822; x_wconf 86' lang='lat' dir='ltr'><strong>dixit</strong></span> 
     </span>
     <span class='ocr_line' id='line_1_13' title="bbox 188 839 1273 893; baseline 0.001 -14"><span class='ocrx_word' id='word_1_85' title='bbox 188 839 431 893; x_wconf 85' lang='lat' dir='ltr'><strong>Thescelus;</strong></span> <span class='ocrx_word' id='word_1_86' title='bbox 463 847 583 892; x_wconf 89' lang='lat' dir='ltr'><strong>utque</strong></span> <span class='ocrx_word' id='word_1_87' title='bbox 617 853 732 880; x_wconf 85' lang='lat' dir='ltr'><strong>manu</strong></span> <span class='ocrx_word' id='word_1_88' title='bbox 766 841 935 880; x_wconf 88' lang='lat' dir='ltr'><strong>iaculum</strong></span> <span class='ocrx_word' id='word_1_89' title='bbox 969 841 1080 882; x_wconf 81' lang='lat' dir='ltr'><strong>fatale</strong></span> <span class='ocrx_word' id='word_1_90' title='bbox 1113 841 1273 893; x_wconf 87' lang='lat' dir='ltr'><strong>parabat</strong></span> 
     </span>
     <span class='ocr_line' id='line_1_14' title="bbox 189 898 1364 952; baseline 0.002 -15"><span class='ocrx_word' id='word_1_91' title='bbox 189 898 342 938; x_wconf 88' lang='lat' dir='ltr'><strong>Mittere</strong></span> <span class='ocrx_word' id='word_1_92' title='bbox 362 931 372 951; x_wconf 87' lang='lat'><em>,</em></span> <span class='ocrx_word' id='word_1_93' title='bbox 403 901 443 938; x_wconf 90' lang='lat' dir='ltr'><strong>in</strong></span> <span class='ocrx_word' id='word_1_94' title='bbox 475 899 548 939; x_wconf 88' lang='lat' dir='ltr'><strong>hoc</strong></span> <span class='ocrx_word' id='word_1_95' title='bbox 581 900 706 939; x_wconf 83' lang='lat' dir='ltr'><strong>haesit</strong></span> <span class='ocrx_word' id='word_1_96' title='bbox 737 902 890 951; x_wconf 90' lang='lat' dir='ltr'><strong>signum</strong></span> <span class='ocrx_word' id='word_1_97' title='bbox 922 900 970 939; x_wconf 92' lang='lat' dir='ltr'><strong>de</strong></span> <span class='ocrx_word' id='word_1_98' title='bbox 1004 912 1197 939; x_wconf 90' lang='lat' dir='ltr'><strong>marmore</strong></span> <span class='ocrx_word' id='word_1_99' title='bbox 1229 908 1364 952; x_wconf 83' lang='lat' dir='ltr'><strong>gestu.</strong></span> 
     </span>
     <span class='ocr_line' id='line_1_15' title="bbox 190 957 1268 1011; baseline 0.002 -15"><span class='ocrx_word' id='word_1_100' title='bbox 190 957 395 997; x_wconf 87' lang='lat' dir='ltr'><strong>Proximus</strong></span> <span class='ocrx_word' id='word_1_101' title='bbox 428 958 519 998; x_wconf 90' lang='lat' dir='ltr'><strong>huic</strong></span> <span class='ocrx_word' id='word_1_102' title='bbox 551 960 698 1010; x_wconf 86' lang='lat' dir='ltr'><strong>Ampyx</strong></span> <span class='ocrx_word' id='word_1_103' title='bbox 731 960 849 998; x_wconf 89' lang='lat' dir='ltr'><strong>animi</strong></span> <span class='ocrx_word' id='word_1_104' title='bbox 881 959 1105 1011; x_wconf 89' lang='lat' dir='ltr'><strong>plenissima</strong></span> <span class='ocrx_word' id='word_1_105' title='bbox 1137 960 1268 1010; x_wconf 89' lang='lat' dir='ltr'><strong>magni</strong></span> 
     </span>
    </p>

    <p class='ocr_par' dir='ltr' id='par_1_6' title="bbox 103 1016 1248 1129">
     <span class='ocr_line' id='line_1_16' title="bbox 103 1016 1248 1069; baseline 0.003 -15"><span class='ocrx_word' id='word_1_106' title='bbox 103 1024 168 1055; x_wconf 87' lang='lat'><strong>185</strong></span> <span class='ocrx_word' id='word_1_107' title='bbox 189 1016 354 1056; x_wconf 88' lang='lat' dir='ltr'><strong>Pectora</strong></span> <span class='ocrx_word' id='word_1_108' title='bbox 385 1017 578 1069; x_wconf 87' lang='lat' dir='ltr'><strong>Lyncidae</strong></span> <span class='ocrx_word' id='word_1_109' title='bbox 611 1017 736 1069; x_wconf 86' lang='lat' dir='ltr'><strong>gladio</strong></span> <span class='ocrx_word' id='word_1_110' title='bbox 768 1020 896 1069; x_wconf 83' lang='lat' dir='ltr'><strong>petit3</strong></span> <span class='ocrx_word' id='word_1_111' title='bbox 927 1020 1046 1069; x_wconf 88' lang='lat' dir='ltr'><strong>inque</strong></span> <span class='ocrx_word' id='word_1_112' title='bbox 1078 1018 1248 1069; x_wconf 90' lang='lat' dir='ltr'><strong>petendo</strong></span> 
     </span>
     <span class='ocr_line' id='line_1_17' title="bbox 189 1074 1205 1129; baseline 0.001 -15"><span class='ocrx_word' id='word_1_113' title='bbox 189 1074 354 1115; x_wconf 86' lang='lat' dir='ltr'><strong>Dextera</strong></span> <span class='ocrx_word' id='word_1_114' title='bbox 386 1075 576 1129; x_wconf 89' lang='lat' dir='ltr'><strong>diriguit,</strong></span> <span class='ocrx_word' id='word_1_115' title='bbox 608 1088 680 1116; x_wconf 91' lang='lat' dir='ltr'><strong>nec</strong></span> <span class='ocrx_word' id='word_1_116' title='bbox 713 1078 810 1116; x_wconf 88' lang='lat' dir='ltr'><strong>citra</strong></span> <span class='ocrx_word' id='word_1_117' title='bbox 842 1083 945 1115; x_wconf 86' lang='lat' dir='ltr'><strong>mota</strong></span> <span class='ocrx_word' id='word_1_118' title='bbox 978 1088 1050 1115; x_wconf 91' lang='lat' dir='ltr'><strong>nec</strong></span> <span class='ocrx_word' id='word_1_119' title='bbox 1081 1076 1205 1116; x_wconf 89' lang='lat' dir='ltr'><strong>ultra.</strong></span> 
     </span>
    </p>

    <p class='ocr_par' dir='ltr' id='par_1_7' title="bbox 188 1133 1276 1306">
     <span class='ocr_line' id='line_1_18' title="bbox 188 1133 1218 1187; baseline 0.001 -14"><span class='ocrx_word' id='word_1_120' title='bbox 188 1134 236 1173; x_wconf 90' lang='lat' dir='ltr'><strong>At</strong></span> <span class='ocrx_word' id='word_1_121' title='bbox 266 1133 402 1174; x_wconf 88' lang='lat' dir='ltr'><strong>Nileus</strong></span> <span class='ocrx_word' id='word_1_122' title='bbox 421 1167 432 1187; x_wconf 84' lang='lat'><em>,</em></span> <span class='ocrx_word' id='word_1_123' title='bbox 464 1137 531 1186; x_wconf 88' lang='lat' dir='ltr'><strong>qui</strong></span> <span class='ocrx_word' id='word_1_124' title='bbox 564 1147 605 1174; x_wconf 91' lang='lat' dir='ltr'><strong>se</strong></span> <span class='ocrx_word' id='word_1_125' title='bbox 638 1137 813 1186; x_wconf 87' lang='lat' dir='ltr'><strong>genitum</strong></span> <span class='ocrx_word' id='word_1_126' title='bbox 846 1135 1099 1187; x_wconf 87' lang='lat' dir='ltr'><strong>septemplice</strong></span> <span class='ocrx_word' id='word_1_127' title='bbox 1132 1134 1218 1174; x_wconf 90' lang='lat' dir='ltr'><strong>Nilo</strong></span> 
     </span>
     <span class='ocr_line' id='line_1_19' title="bbox 189 1191 1276 1246; baseline 0.002 -15"><span class='ocrx_word' id='word_1_128' title='bbox 189 1191 410 1233; x_wconf 88' lang='lat' dir='ltr'><strong>Ementitus</strong></span> <span class='ocrx_word' id='word_1_129' title='bbox 442 1200 556 1246; x_wconf 79' lang='lat' dir='ltr'><strong>erat,</strong></span> <span class='ocrx_word' id='word_1_130' title='bbox 589 1193 713 1246; x_wconf 88' lang='lat' dir='ltr'><strong>clipeo</strong></span> <span class='ocrx_word' id='word_1_131' title='bbox 747 1206 902 1245; x_wconf 86' lang='lat' dir='ltr'><strong>quoque</strong></span> <span class='ocrx_word' id='word_1_132' title='bbox 935 1194 1094 1233; x_wconf 87' lang='lat' dir='ltr'><strong>flumina</strong></span> <span class='ocrx_word' id='word_1_133' title='bbox 1126 1200 1276 1246; x_wconf 85' lang='lat' dir='ltr'><strong>septem</strong></span> 
     </span>
     <span class='ocr_line' id='line_1_20' title="bbox 188 1252 1131 1306; baseline 0.001 -16"><span class='ocrx_word' id='word_1_134' title='bbox 188 1252 358 1303; x_wconf 82' lang='lat' dir='ltr'><strong>Argento</strong></span> <span class='ocrx_word' id='word_1_135' title='bbox 391 1254 532 1304; x_wconf 90' lang='lat' dir='ltr'><strong>partim</strong></span> <span class='ocrx_word' id='word_1_136' title='bbox 550 1284 561 1305; x_wconf 85' lang='lat'><em>‚</em></span> <span class='ocrx_word' id='word_1_137' title='bbox 592 1254 733 1304; x_wconf 89' lang='lat' dir='ltr'><strong>partim</strong></span> <span class='ocrx_word' id='word_1_138' title='bbox 766 1253 982 1292; x_wconf 86' lang='lat' dir='ltr'><strong>caelaverat</strong></span> <span class='ocrx_word' id='word_1_139' title='bbox 1012 1264 1131 1306; x_wconf 88' lang='lat' dir='ltr'><strong>auro,</strong></span> 
     </span>
    </p>

    <p class='ocr_par' dir='ltr' id='par_1_8' title="bbox 101 1307 1313 1422">
     <span class='ocr_line' id='line_1_21' title="bbox 101 1307 1313 1363; baseline 0.002 -15"><span class='ocrx_word' id='word_1_140' title='bbox 101 1318 167 1349; x_wconf 84' lang='lat'><strong>190</strong></span> <span class='ocrx_word' id='word_1_141' title='bbox 188 1307 342 1362; x_wconf 76' lang='lat' dir='ltr'><strong>‘Aspice</strong></span> <span class='ocrx_word' id='word_1_142' title='bbox 361 1308 387 1362; x_wconf 89' lang='lat'><strong>,&#39;</strong></span> <span class='ocrx_word' id='word_1_143' title='bbox 420 1313 472 1351; x_wconf 91' lang='lat' dir='ltr'><strong>ait</strong></span> <span class='ocrx_word' id='word_1_144' title='bbox 504 1308 667 1351; x_wconf 78' lang='lat' dir='ltr'><strong>‘Perseu</strong></span> <span class='ocrx_word' id='word_1_145' title='bbox 687 1343 698 1363; x_wconf 83' lang='lat'>‚</span> <span class='ocrx_word' id='word_1_146' title='bbox 729 1317 885 1351; x_wconf 89' lang='lat' dir='ltr'><strong>nostrae</strong></span> <span class='ocrx_word' id='word_1_147' title='bbox 918 1311 1130 1362; x_wconf 87' lang='lat' dir='ltr'><strong>primordia</strong></span> <span class='ocrx_word' id='word_1_148' title='bbox 1162 1313 1313 1363; x_wconf 85' lang='lat' dir='ltr'><strong>gentis:</strong></span> 
     </span>
     <span class='ocr_line' id='line_1_22' title="bbox 187 1369 1265 1422; baseline 0.001 -14"><span class='ocrx_word' id='word_1_149' title='bbox 187 1369 323 1421; x_wconf 86' lang='lat' dir='ltr'><strong>Magna</strong></span> <span class='ocrx_word' id='word_1_150' title='bbox 355 1370 458 1409; x_wconf 82' lang='lat' dir='ltr'><strong>feres</strong></span> <span class='ocrx_word' id='word_1_151' title='bbox 490 1371 627 1410; x_wconf 88' lang='lat' dir='ltr'><strong>tacitas</strong></span> <span class='ocrx_word' id='word_1_152' title='bbox 659 1370 800 1409; x_wconf 91' lang='lat' dir='ltr'><strong>solacia</strong></span> <span class='ocrx_word' id='word_1_153' title='bbox 834 1373 970 1409; x_wconf 87' lang='lat' dir='ltr'><strong>mortis</strong></span> <span class='ocrx_word' id='word_1_154' title='bbox 1003 1371 1049 1409; x_wconf 89' lang='lat' dir='ltr'><strong>ad</strong></span> <span class='ocrx_word' id='word_1_155' title='bbox 1083 1369 1265 1422; x_wconf 84' lang='lat' dir='ltr'><strong>umbras,</strong></span> 
     </span>
    </p>

    <p class='ocr_par' dir='ltr' id='par_1_9' title="bbox 187 1426 1305 1599">
     <span class='ocr_line' id='line_1_23' title="bbox 188 1426 1224 1481; baseline 0.002 -15"><span class='ocrx_word' id='word_1_156' title='bbox 188 1430 218 1466; x_wconf 92' lang='lat' dir='ltr'><strong>A</strong></span> <span class='ocrx_word' id='word_1_157' title='bbox 250 1435 356 1467; x_wconf 89' lang='lat' dir='ltr'><strong>tanto</strong></span> <span class='ocrx_word' id='word_1_158' title='bbox 389 1428 578 1468; x_wconf 87' lang='lat' dir='ltr'><strong>cecidisse</strong></span> <span class='ocrx_word' id='word_1_159' title='bbox 610 1426 709 1468; x_wconf 90' lang='lat' dir='ltr'><strong>viro’</strong></span> <span class='ocrx_word' id='word_1_160' title='bbox 742 1450 796 1457; x_wconf 90' lang='lat'>—</span> <span class='ocrx_word' id='word_1_161' title='bbox 829 1441 920 1481; x_wconf 90' lang='lat' dir='ltr'><strong>pars</strong></span> <span class='ocrx_word' id='word_1_162' title='bbox 952 1429 1085 1468; x_wconf 89' lang='lat' dir='ltr'><strong>ultima</strong></span> <span class='ocrx_word' id='word_1_163' title='bbox 1118 1430 1224 1468; x_wconf 87' lang='lat' dir='ltr'><strong>vocis</strong></span> 
     </span>
     <span class='ocr_line' id='line_1_24' title="bbox 187 1486 1305 1540; baseline 0 -14"><span class='ocrx_word' id='word_1_164' title='bbox 187 1486 230 1526; x_wconf 92' lang='lat' dir='ltr'><strong>ln</strong></span> <span class='ocrx_word' id='word_1_165' title='bbox 262 1486 389 1526; x_wconf 92' lang='lat' dir='ltr'><strong>medio</strong></span> <span class='ocrx_word' id='word_1_166' title='bbox 422 1499 632 1539; x_wconf 89' lang='lat' dir='ltr'><strong>suppressa</strong></span> <span class='ocrx_word' id='word_1_167' title='bbox 664 1500 760 1527; x_wconf 90' lang='lat' dir='ltr'><strong>sono</strong></span> <span class='ocrx_word' id='word_1_168' title='bbox 793 1495 882 1540; x_wconf 90' lang='lat' dir='ltr'><strong>est,</strong></span> <span class='ocrx_word' id='word_1_169' title='bbox 914 1488 1176 1540; x_wconf 86' lang='lat' dir='ltr'><strong>adapertaque</strong></span> <span class='ocrx_word' id='word_1_170' title='bbox 1209 1487 1305 1526; x_wconf 80' lang='lat' dir='ltr'><strong>velle</strong></span> 
     </span>
     <span class='ocr_line' id='line_1_25' title="bbox 190 1545 1253 1599; baseline 0.001 -16"><span class='ocrx_word' id='word_1_171' title='bbox 190 1545 266 1584; x_wconf 90' lang='lat' dir='ltr'><strong>Ora</strong></span> <span class='ocrx_word' id='word_1_172' title='bbox 298 1545 405 1597; x_wconf 91' lang='lat' dir='ltr'><strong>loqui</strong></span> <span class='ocrx_word' id='word_1_173' title='bbox 433 1546 570 1585; x_wconf 89' lang='lat' dir='ltr'><strong>credas</strong></span> <span class='ocrx_word' id='word_1_174' title='bbox 588 1579 600 1599; x_wconf 86' lang='lat'><em>‚</em></span> <span class='ocrx_word' id='word_1_175' title='bbox 632 1558 705 1586; x_wconf 88' lang='lat' dir='ltr'><strong>nec</strong></span> <span class='ocrx_word' id='word_1_176' title='bbox 737 1555 829 1586; x_wconf 87' lang='lat' dir='ltr'><strong>sunt</strong></span> <span class='ocrx_word' id='word_1_177' title='bbox 861 1558 904 1585; x_wconf 91' lang='lat' dir='ltr'><strong>ea</strong></span> <span class='ocrx_word' id='word_1_178' title='bbox 936 1548 1068 1598; x_wconf 88' lang='lat' dir='ltr'><strong>pervia</strong></span> <span class='ocrx_word' id='word_1_179' title='bbox 1100 1545 1253 1585; x_wconf 87' lang='lat' dir='ltr'><strong>verbis.</strong></span> 
     </span>
    </p>

    <p class='ocr_par' dir='ltr' id='par_1_10' title="bbox 104 1602 1412 1891">
     <span class='ocr_line' id='line_1_26' title="bbox 104 1602 1412 1658; baseline 0.002 -17"><span class='ocrx_word' id='word_1_180' title='bbox 104 1611 168 1642; x_wconf 83' lang='lat'><strong>195</strong></span> <span class='ocrx_word' id='word_1_181' title='bbox 189 1604 370 1656; x_wconf 88' lang='lat' dir='ltr'><strong>Increpat</strong></span> <span class='ocrx_word' id='word_1_182' title='bbox 400 1604 472 1644; x_wconf 88' lang='lat' dir='ltr'><strong>hos</strong></span> <span class='ocrx_word' id='word_1_183' title='bbox 505 1602 628 1644; x_wconf 73' lang='lat' dir='ltr'><strong>‘vitio’</strong></span> <span class='ocrx_word' id='word_1_184' title='bbox 662 1618 736 1657; x_wconf 89' lang='lat' dir='ltr'><strong>que</strong></span> <span class='ocrx_word' id='word_1_185' title='bbox 771 1603 904 1644; x_wconf 75' lang='lat' dir='ltr'><strong>‘animi</strong></span> <span class='ocrx_word' id='word_1_186' title='bbox 923 1637 934 1658; x_wconf 87' lang='lat'>‚</span> <span class='ocrx_word' id='word_1_187' title='bbox 967 1617 1045 1644; x_wconf 92' lang='lat' dir='ltr'><strong>non</strong></span> <span class='ocrx_word' id='word_1_188' title='bbox 1082 1602 1247 1643; x_wconf 90' lang='lat' dir='ltr'><strong>viribus&#39;</strong></span> <span class='ocrx_word' id='word_1_189' title='bbox 1285 1605 1412 1656; x_wconf 88' lang='lat' dir='ltr'><strong>inquit</strong></span> 
     </span>
     <span class='ocr_line' id='line_1_27' title="bbox 189 1660 1230 1716; baseline 0 -14"><span class='ocrx_word' id='word_1_190' title='bbox 189 1660 422 1714; x_wconf 73' lang='lat' dir='ltr'><strong>‘Gorgoneis</strong></span> <span class='ocrx_word' id='word_1_191' title='bbox 454 1665 620 1715; x_wconf 85' lang='lat' dir='ltr'><strong>torpetis</strong></span> <span class='ocrx_word' id='word_1_192' title='bbox 641 1660 666 1716; x_wconf 88' lang='lat'><strong>;’</strong></span> <span class='ocrx_word' id='word_1_193' title='bbox 698 1663 801 1716; x_wconf 85' lang='lat' dir='ltr'><strong>Eryx</strong></span> <span class='ocrx_word' id='word_1_194' title='bbox 835 1661 1042 1703; x_wconf 84' lang='lat' dir='ltr'><strong>‘incurrite</strong></span> <span class='ocrx_word' id='word_1_195' title='bbox 1075 1675 1230 1702; x_wconf 87' lang='lat' dir='ltr'><strong>mecum</strong></span> 
     </span>
     <span class='ocr_line' id='line_1_28' title="bbox 187 1719 1409 1774; baseline 0.001 -14"><span class='ocrx_word' id='word_1_196' title='bbox 187 1720 236 1760; x_wconf 90' lang='lat' dir='ltr'><strong>Et</strong></span> <span class='ocrx_word' id='word_1_197' title='bbox 255 1723 494 1773; x_wconf 90' lang='lat' dir='ltr'><strong>prosternite</strong></span> <span class='ocrx_word' id='word_1_198' title='bbox 515 1723 622 1762; x_wconf 92' lang='lat' dir='ltr'><strong>humi</strong></span> <span class='ocrx_word' id='word_1_199' title='bbox 644 1724 824 1762; x_wconf 87' lang='lat' dir='ltr'><strong>iuvenem</strong></span> <span class='ocrx_word' id='word_1_200' title='bbox 844 1724 991 1774; x_wconf 89' lang='lat' dir='ltr'><strong>magica</strong></span> <span class='ocrx_word' id='word_1_201' title='bbox 1019 1734 1124 1761; x_wconf 87' lang='lat' dir='ltr'><strong>arma</strong></span> <span class='ocrx_word' id='word_1_202' title='bbox 1150 1728 1372 1761; x_wconf 89' lang='lat' dir='ltr'><strong>moventem</strong></span> <span class='ocrx_word' id='word_1_203' title='bbox 1387 1719 1409 1760; x_wconf 65' lang='grc' dir='ltr'><strong><em>Γ</em></strong></span> 
     </span>
     <span class='ocr_line' id='line_1_29' title="bbox 188 1780 1094 1833; baseline 0.001 -14"><span class='ocrx_word' id='word_1_204' title='bbox 188 1780 425 1820; x_wconf 90' lang='lat' dir='ltr'><strong>Incursurus</strong></span> <span class='ocrx_word' id='word_1_205' title='bbox 458 1787 570 1821; x_wconf 88' lang='lat' dir='ltr'><strong>erat:</strong></span> <span class='ocrx_word' id='word_1_206' title='bbox 602 1782 728 1821; x_wconf 90' lang='lat' dir='ltr'><strong>tenuit</strong></span> <span class='ocrx_word' id='word_1_207' title='bbox 760 1783 921 1833; x_wconf 87' lang='lat' dir='ltr'><strong>vestigia</strong></span> <span class='ocrx_word' id='word_1_208' title='bbox 953 1780 1094 1833; x_wconf 85' lang='lat' dir='ltr'><strong>tellus,</strong></span> 
     </span>
     <span class='ocr_line' id='line_1_30' title="bbox 189 1838 1181 1891; baseline 0.002 -14"><span class='ocrx_word' id='word_1_209' title='bbox 189 1838 443 1891; x_wconf 75' lang='lat' dir='ltr'><strong>inmotusque</strong></span> <span class='ocrx_word' id='word_1_210' title='bbox 476 1839 571 1879; x_wconf 90' lang='lat' dir='ltr'><strong>silex</strong></span> <span class='ocrx_word' id='word_1_211' title='bbox 604 1846 828 1891; x_wconf 89' lang='lat' dir='ltr'><strong>armataque</strong></span> <span class='ocrx_word' id='word_1_212' title='bbox 860 1841 1003 1879; x_wconf 87' lang='lat' dir='ltr'><strong>mansit</strong></span> <span class='ocrx_word' id='word_1_213' title='bbox 1032 1841 1181 1891; x_wconf 81' lang='lat' dir='ltr'><strong>imago,</strong></span> 
     </span>
    </p>

    <p class='ocr_par' dir='ltr' id='par_1_11' title="bbox 101 1896 1410 2067">
     <span class='ocr_line' id='line_1_31' title="bbox 101 1896 1283 1950; baseline 0.001 -14"><span class='ocrx_word' id='word_1_214' title='bbox 101 1905 168 1936; x_wconf 78' lang='grc'><strong>200</strong></span> <span class='ocrx_word' id='word_1_215' title='bbox 188 1896 236 1936; x_wconf 81' lang='lat' dir='ltr'><strong>lli</strong></span> <span class='ocrx_word' id='word_1_216' title='bbox 268 1906 397 1937; x_wconf 91' lang='lat' dir='ltr'><strong>tamen</strong></span> <span class='ocrx_word' id='word_1_217' title='bbox 423 1910 471 1937; x_wconf 89' lang='lat' dir='ltr'><strong>ex</strong></span> <span class='ocrx_word' id='word_1_218' title='bbox 503 1899 643 1937; x_wconf 76' lang='lat' dir='ltr'><strong>merito</strong></span> <span class='ocrx_word' id='word_1_219' title='bbox 675 1910 822 1950; x_wconf 91' lang='lat' dir='ltr'><strong>poenas</strong></span> <span class='ocrx_word' id='word_1_220' title='bbox 853 1897 1040 1937; x_wconf 89' lang='lat' dir='ltr'><strong>subiere.</strong></span> <span class='ocrx_word' id='word_1_221' title='bbox 1079 1898 1147 1937; x_wconf 88' lang='lat' dir='ltr'><strong>sed</strong></span> <span class='ocrx_word' id='word_1_222' title='bbox 1180 1910 1283 1938; x_wconf 88' lang='lat' dir='ltr'><strong>unus</strong></span> 
     </span>
     <span class='ocr_line' id='line_1_32' title="bbox 187 1955 1410 2009; baseline 0.002 -15"><span class='ocrx_word' id='word_1_223' title='bbox 187 1955 296 1995; x_wconf 88' lang='lat' dir='ltr'><strong>Miles</strong></span> <span class='ocrx_word' id='word_1_224' title='bbox 329 1962 413 1995; x_wconf 87' lang='lat' dir='ltr'><strong>erat</strong></span> <span class='ocrx_word' id='word_1_225' title='bbox 443 1956 608 2009; x_wconf 88' lang='lat' dir='ltr'><strong>Persei,</strong></span> <span class='ocrx_word' id='word_1_226' title='bbox 639 1969 711 2008; x_wconf 90' lang='lat' dir='ltr'><strong>pro</strong></span> <span class='ocrx_word' id='word_1_227' title='bbox 749 1969 826 2008; x_wconf 91' lang='lat' dir='ltr'><strong>quo</strong></span> <span class='ocrx_word' id='word_1_228' title='bbox 859 1957 952 1996; x_wconf 91' lang='lat' dir='ltr'><strong>dum</strong></span> <span class='ocrx_word' id='word_1_229' title='bbox 983 1964 1160 2009; x_wconf 84' lang='lat' dir='ltr'><strong>pugnat,</strong></span> <span class='ocrx_word' id='word_1_230' title='bbox 1191 1958 1410 2009; x_wconf 77' lang='lat' dir='ltr'><strong>Aconteus,</strong></span> 
     </span>
     <span class='ocr_line' id='line_1_33' title="bbox 188 2013 1160 2067; baseline 0.001 -14"><span class='ocrx_word' id='word_1_231' title='bbox 188 2013 368 2066; x_wconf 86' lang='lat' dir='ltr'><strong>Gorgone</strong></span> <span class='ocrx_word' id='word_1_232' title='bbox 401 2021 610 2067; x_wconf 87' lang='lat' dir='ltr'><strong>conspecta</strong></span> <span class='ocrx_word' id='word_1_233' title='bbox 642 2027 733 2055; x_wconf 80' lang='lat' dir='ltr'><strong>saxo</strong></span> <span class='ocrx_word' id='word_1_234' title='bbox 766 2017 966 2055; x_wconf 86' lang='lat' dir='ltr'><strong>concrevit</strong></span> <span class='ocrx_word' id='word_1_235' title='bbox 997 2014 1160 2055; x_wconf 84' lang='lat' dir='ltr'><strong>oborto.</strong></span> 
     </span>
    </p>

    <p class='ocr_par' dir='ltr' id='par_1_12' title="bbox 187 2072 1252 2173">
     <span class='ocr_line' id='line_1_34' title="bbox 188 2072 1252 2127; baseline 0 -15"><span class='ocrx_word' id='word_1_236' title='bbox 188 2072 314 2119; x_wconf 91' lang='lat' dir='ltr'><strong>Quem</strong></span> <span class='ocrx_word' id='word_1_237' title='bbox 344 2079 453 2113; x_wconf 90' lang='lat' dir='ltr'><strong>ratus</strong></span> <span class='ocrx_word' id='word_1_238' title='bbox 484 2075 670 2126; x_wconf 88' lang='lat' dir='ltr'><strong>Astyages</strong></span> <span class='ocrx_word' id='word_1_239' title='bbox 702 2075 916 2114; x_wconf 87' lang='lat' dir='ltr'><strong>etiamnum</strong></span> <span class='ocrx_word' id='word_1_240' title='bbox 946 2075 1077 2114; x_wconf 86' lang='lat' dir='ltr'><strong>vivere</strong></span> <span class='ocrx_word' id='word_1_241' title='bbox 1095 2105 1107 2127; x_wconf 84' lang='lat'><strong><em>,</em></strong></span> <span class='ocrx_word' id='word_1_242' title='bbox 1137 2074 1252 2125; x_wconf 90' lang='lat' dir='ltr'><strong>longo</strong></span> 
     </span>
     <span class='ocr_line' id='line_1_35' title="bbox 187 2130 1170 2173; baseline 0.001 -3"><span class='ocrx_word' id='word_1_243' title='bbox 187 2130 290 2170; x_wconf 87' lang='lat' dir='ltr'><strong>Ense</strong></span> <span class='ocrx_word' id='word_1_244' title='bbox 323 2132 441 2171; x_wconf 86' lang='lat' dir='ltr'><strong>serit.</strong></span> <span class='ocrx_word' id='word_1_245' title='bbox 480 2134 613 2172; x_wconf 91' lang='lat' dir='ltr'><strong>sonuit</strong></span> <span class='ocrx_word' id='word_1_246' title='bbox 643 2132 853 2172; x_wconf 87' lang='lat' dir='ltr'><strong>tinnitibus</strong></span> <span class='ocrx_word' id='word_1_247' title='bbox 885 2134 991 2172; x_wconf 86' lang='lat' dir='ltr'><strong>ensis</strong></span> <span class='ocrx_word' id='word_1_248' title='bbox 1023 2134 1170 2173; x_wconf 89' lang='lat' dir='ltr'><strong>acutis.</strong></span> 
     </span>
    </p>

    <p class='ocr_par' dir='ltr' id='par_1_13' title="bbox 100 2190 1311 2361">
     <span class='ocr_line' id='line_1_36' title="bbox 100 2190 1264 2243; baseline 0.003 -15"><span class='ocrx_word' id='word_1_249' title='bbox 100 2197 166 2228; x_wconf 76' lang='lat'><strong>205</strong></span> <span class='ocrx_word' id='word_1_250' title='bbox 188 2190 287 2229; x_wconf 87' lang='lat' dir='ltr'><strong>Dum</strong></span> <span class='ocrx_word' id='word_1_251' title='bbox 318 2196 451 2242; x_wconf 89' lang='lat' dir='ltr'><strong>stupet</strong></span> <span class='ocrx_word' id='word_1_252' title='bbox 480 2192 666 2243; x_wconf 85' lang='lat' dir='ltr'><strong>Astyages</strong></span> <span class='ocrx_word' id='word_1_253' title='bbox 684 2224 695 2243; x_wconf 88' lang='lat'><em>‚</em></span> <span class='ocrx_word' id='word_1_254' title='bbox 721 2198 899 2231; x_wconf 87' lang='lat' dir='ltr'><strong>naturam</strong></span> <span class='ocrx_word' id='word_1_255' title='bbox 931 2193 1049 2231; x_wconf 83' lang='lat' dir='ltr'><strong>traxit</strong></span> <span class='ocrx_word' id='word_1_256' title='bbox 1079 2191 1264 2242; x_wconf 87' lang='lat' dir='ltr'><strong>eandem,</strong></span> 
     </span>
     <span class='ocr_line' id='line_1_37' title="bbox 187 2248 1214 2301; baseline 0.003 -15"><span class='ocrx_word' id='word_1_257' title='bbox 187 2248 483 2301; x_wconf 88' lang='lat' dir='ltr'><strong>Marmoreoque</strong></span> <span class='ocrx_word' id='word_1_258' title='bbox 517 2255 647 2289; x_wconf 89' lang='lat' dir='ltr'><strong>manet</strong></span> <span class='ocrx_word' id='word_1_259' title='bbox 678 2249 807 2290; x_wconf 90' lang='lat' dir='ltr'><strong>vultus</strong></span> <span class='ocrx_word' id='word_1_260' title='bbox 840 2251 1019 2290; x_wconf 88' lang='lat' dir='ltr'><strong>mirantis</strong></span> <span class='ocrx_word' id='word_1_261' title='bbox 1049 2252 1091 2289; x_wconf 91' lang='lat' dir='ltr'><strong>in</strong></span> <span class='ocrx_word' id='word_1_262' title='bbox 1122 2261 1214 2289; x_wconf 85' lang='lat' dir='ltr'><strong>ore.</strong></span> 
     </span>
     <span class='ocr_line' id='line_1_38' title="bbox 188 2306 1311 2361; baseline 0.002 -16"><span class='ocrx_word' id='word_1_263' title='bbox 188 2306 351 2346; x_wconf 82' lang='lat' dir='ltr'><strong>Nomina</strong></span> <span class='ocrx_word' id='word_1_264' title='bbox 378 2307 490 2359; x_wconf 88' lang='lat' dir='ltr'><strong>longa</strong></span> <span class='ocrx_word' id='word_1_265' title='bbox 522 2320 631 2348; x_wconf 87' lang='lat' dir='ltr'><strong>mora</strong></span> <span class='ocrx_word' id='word_1_266' title='bbox 663 2314 723 2348; x_wconf 88' lang='lat' dir='ltr'><strong>est</strong></span> <span class='ocrx_word' id='word_1_267' title='bbox 754 2308 880 2348; x_wconf 86' lang='lat' dir='ltr'><strong>media</strong></span> <span class='ocrx_word' id='word_1_268' title='bbox 912 2308 960 2348; x_wconf 92' lang='lat' dir='ltr'><strong>de</strong></span> <span class='ocrx_word' id='word_1_269' title='bbox 992 2307 1106 2361; x_wconf 87' lang='lat' dir='ltr'><strong>plebe</strong></span> <span class='ocrx_word' id='word_1_270' title='bbox 1138 2310 1311 2347; x_wconf 89' lang='lat' dir='ltr'><strong>virorum</strong></span> 
     </span>
    </p>
   </div>
  </div>
 </body>
</html>
