1554 2563
574 90 660 125 XIII
675 118 684 135 ,
710 94 894 127 889-959
910 119 918 127 .
1038 103 1193 126 Guneus
1314 88 1396 129 281

88 209 156 241 924
177 200 278 240 Sunt
308 200 423 240 viridi
453 206 565 253 prato
598 201 766 240 confinia
798 200 940 251 litora,
973 212 1142 252 quorum

106 281 160 286 —
182 259 312 298 Altera
343 271 434 311 pars
466 259 581 299 undis
599 291 610 313 ‚
640 271 731 311 pars
764 259 886 299 altera
917 259 1095 299 funditur
1125 257 1281 312 herbis,

177 317 280 364 Quas
312 330 440 369 neque
474 319 700 369 cornigerae
732 330 866 357 morsu
898 318 1047 357 laesere
1078 319 1288 370 iuvencae,

175 375 256 416 Nec
287 376 460 428 placidae
493 377 694 428 carpsistis
725 388 817 416 oves
847 376 1020 416 hirtaeve
1053 375 1244 428 capellae.

176 434 262 474 Non
294 436 377 486 apis
408 434 499 474 inde
526 435 615 475 tulit
646 435 831 474 collectos
863 435 1006 474 semine
1038 434 1180 487 ssores,

176 493 262 532 Non
295 493 382 533 data
414 499 506 533 sunt
537 495 654 546 capiti
686 494 850 545 genialia
890 500 1023 546 serta,
1054 505 1184 545 neque
1216 503 1400 544 umquam

88 560 155 592 930
176 552 387 592 Falciferae
420 564 582 591 secuere
615 565 782 593 manus.
821 565 892 604 ego
925 554 1075 604 primus
1107 554 1148 591 in
1179 551 1244 591 illo

177 610 356 662 Caespite
389 610 579 663 consedi,
611 611 704 650 dum
737 611 813 650 lina
845 611 1040 650 madentia
1072 612 1201 664 sicco,

175 669 304 721 thue
337 681 588 709 recenserem
607 702 619 723 ‚
651 672 824 722 captivos
855 670 992 709 ordine
1023 671 1152 721 pisces

176 728 342 780 Insuper
374 730 567 781 exposui,
600 741 697 780 quos
730 734 796 768 aut
827 730 867 767 in
898 730 997 768 retia
1029 740 1143 767 casus

177 787 254 826 Aut
285 799 354 826 sua
387 787 598 827 credulitas
630 789 670 826 in
702 787 875 827 aduncos
908 793 1042 838 egerat
1072 787 1230 826 hamos.

87 853 155 885 935
177 846 253 885 Res
286 845 422 884 similis
454 846 597 886 fictae:
629 846 697 885 sed
731 846 824 898 quid
856 846 951 885 mihi
982 846 1130 897 fingere
1161 842 1356 897 prodest?

177 904 360 943 Gramine
393 910 572 944 contacto
605 906 734 956 coepit
764 917 850 944 mea
881 904 1025 957 praeda
1056 906 1226 957 moveri,

177 963 226 1002 Et
257 969 408 1002 mutare
440 963 542 1003 latus
560 995 571 1016 ,
603 969 786 1016 terraque
805 996 816 1016 ,
848 970 892 1003 ut
922 965 963 1002 in
994 975 1164 1014 aequore
1182 994 1194 1016 ‚
1226 964 1320 1001 niti.

178 1021 356 1073 Dumque
382 1034 515 1061 moror
540 1023 741 1073 mirorque
768 1022 914 1075 simul,
940 1022 1040 1073 fugit
1059 1023 1186 1060 omnis
1213 1023 1254 1060 in
1280 1020 1402 1059 undas

177 1080 311 1119 Turba
337 1093 428 1120 suas
446 1112 457 1133 ‚
484 1081 764 1132 dominumque
790 1092 935 1120 novum
960 1080 1131 1131 litusque
1152 1080 1404 1131 relinquunt.

84 1147 151 1179 940
173 1139 385 1191 Obstipui,
418 1139 632 1190 dubitoque
665 1140 761 1192 diu,
793 1151 1028 1190 causamque
1062 1140 1246 1191 requiro,

179 1197 282 1237 Num
314 1197 411 1237 deus
443 1197 518 1237 hoc
550 1198 689 1249 aliquis
708 1229 719 1251 ‚
752 1210 846 1237 num
879 1210 997 1237 sucus
1030 1198 1170 1236 fecerit
1199 1196 1363 1236 herbae.

179 1254 318 1302 “Quae
350 1262 480 1296 tamen
511 1254 596 1295 has’
628 1258 787 1308 inquam
820 1254 938 1296 ‘vires
969 1255 1087 1295 habet
1116 1255 1239 1294 herba
1258 1252 1311 1295 ?''

1210 1326 1404 1365 manuque

178 1373 324 1413 Pabula
356 1374 566 1426 decerpsi,
598 1375 862 1426 decerptaque
894 1374 1011 1413 dente
1043 1373 1258 1412 momordi.

179 1431 249 1472 Vix
281 1432 382 1472 bene
415 1432 672 1472 conbiberant
702 1434 856 1483 ignotos
889 1438 1049 1483 guttura
1080 1444 1221 1484 sucos,

89 1499 158 1530 945
180 1491 278 1530 Cum
309 1490 439 1530 subito
472 1491 670 1542 trepidare
702 1492 808 1530 intus
840 1490 1070 1542 praecordia
1101 1491 1229 1542 sensi,

178 1550 430 1601 Alteriusque
462 1551 547 1601 rapi
579 1555 740 1588 naturae
773 1555 912 1601 pectus
944 1561 1099 1589 amore.

180 1608 261 1648 Nec
291 1610 403 1660 potui
434 1614 585 1647 restare
617 1608 714 1660 diu,
746 1605 1006 1660 “repetenda'
1040 1620 1115 1659 que
1149 1604 1377 1658 ‘numquam

179 1667 332 1720 Terra,
363 1667 444 1706 vale
466 1664 507 1706 !'’
540 1667 648 1719 dixi,
681 1679 903 1718 corpusque
942 1666 1015 1706 sub
1055 1678 1226 1717 aequora
1263 1667 1405 1705 mersi.

180 1725 226 1765 Di
257 1727 375 1765 maris
408 1732 615 1778 exceptum
648 1727 753 1764 socio
786 1725 995 1776 dignantur
1027 1725 1200 1778 honore,

91 1792 159 1825 950
180 1784 308 1836 thue
341 1784 436 1823 mihi
468 1796 739 1835 quaecumque
772 1784 894 1823 feram
926 1784 1132 1836 mortalia,
1165 1783 1346 1836 demant,

181 1843 380 1883 Oceanum
411 1843 644 1894 Tethynque
677 1848 843 1893 rogant.
882 1855 953 1893 ego
986 1842 1133 1881 lustror
1164 1842 1211 1880 ab
1242 1842 1341 1894 illis,

181 1901 232 1941 Et
262 1907 455 1954 purgante
488 1902 596 1940 nefas
629 1903 791 1940 noviens
823 1900 917 1939 mihi
950 1903 1121 1940 carmine
1155 1901 1259 1939 dicto

180 1960 345 2000 Pectora
376 1960 605 2000 fluminibus
636 1960 775 1998 iubeor
807 1971 1030 2011 supponere
1063 1965 1241 1998 centum.

181 2018 262 2058 Nec
294 2031 432 2072 mora,
464 2018 629 2058 diversis
660 2018 759 2069 lapsi
790 2018 836 2057 de
869 2017 1046 2069 partibus
1078 2029 1212 2056 amnes

94 2085 160 2117 955
181 2077 359 2129 Totaque
391 2083 600 2117 vertuntur
632 2089 750 2128 supra
783 2082 900 2128 caput
931 2088 1101 2127 aequora
1131 2081 1333 2115 nostrum.

181 2135 380 2175 Hactenus
413 2142 496 2175 acta
528 2135 600 2175 tibi
631 2147 792 2187 possum
824 2134 1075 2174 memoranda
1106 2135 1283 2174 referre:

182 2194 380 2234 Hactenus
412 2194 507 2234 haec
540 2195 727 2233 memini.
766 2206 839 2232 nec
865 2205 975 2232 mens
1002 2205 1087 2232 mea
1113 2199 1244 2232 cetera
1263 2193 1406 2232 sensit.

184 2253 291 2299 Quae
310 2259 518 2304 postquam
539 2253 655 2291 rediit
673 2283 684 2304 ‚
711 2252 827 2291 alium
848 2264 909 2291 me
930 2264 1096 2304 corpore
1115 2257 1197 2291 toto
1234 2259 1262 2285 1-
1275 2260 1404 2286 clxxxv-

182 2312 237 2351 Ac
268 2312 420 2351 fueram
452 2323 609 2363 nuper,
640 2323 767 2362 neque
801 2310 969 2350 eundem
1001 2317 1132 2350 mente
1163 2311 1319 2362 recepi.
