<?xml version="1.0" encoding="UTF-8"?>
<!DOCTYPE html PUBLIC "-//W3C//DTD XHTML 1.0 Transitional//EN"
    "http://www.w3.org/TR/xhtml1/DTD/xhtml1-transitional.dtd">
<html xmlns="http://www.w3.org/1999/xhtml" xml:lang="en" lang="en">
 <head>
  <title>
</title>
<meta http-equiv="Content-Type" content="text/html;charset=utf-8" />
  <meta name='ocr-system' content='tesseract 3.04.00' />
  <meta name='ocr-capabilities' content='ocr_page ocr_carea ocr_par ocr_line ocrx_word'/>
</head>
<body>
  <div class='ocr_page' id='page_1' title='image "./operaovid02oviduoft_0240.png"; bbox 0 0 1554 2563; ppageno 0'>
   <div class='ocr_carea' id='block_1_1' title="bbox 128 106 910 147">
    <p class='ocr_par' dir='ltr' id='par_1_1' title="bbox 128 106 910 147">
     <span class='ocr_line' id='line_1_1' title="bbox 128 106 910 147; baseline -0.003 -4"><span class='ocrx_word' id='word_1_1' title='bbox 128 106 206 147; x_wconf 79' lang='lat'><strong>168</strong></span> <span class='ocrx_word' id='word_1_2' title='bbox 316 120 397 142; x_wconf 68' lang='lat' dir='ltr'><strong>run,</strong></span> <span class='ocrx_word' id='word_1_3' title='bbox 412 136 419 142; x_wconf 91' lang='lat'><strong>.</strong></span> <span class='ocrx_word' id='word_1_4' title='bbox 445 119 567 143; x_wconf 62' lang='lat' dir='ltr'><strong>nauem</strong></span> <span class='ocrx_word' id='word_1_5' title='bbox 674 106 889 141; x_wconf 84' lang='lat' dir='ltr'>METAMM</span> <span class='ocrx_word' id='word_1_6' title='bbox 903 135 910 142; x_wconf 95' lang='lat'>.</span> 
     </span>
    </p>
   </div>
   <div class='ocr_carea' id='block_1_2' title="bbox 152 215 1465 2375">
    <p class='ocr_par' dir='ltr' id='par_1_2' title="bbox 239 215 1409 385">
     <span class='ocr_line' id='line_1_2' title="bbox 239 215 1409 268; baseline 0.001 -14"><span class='ocrx_word' id='word_1_7' title='bbox 239 215 355 255; x_wconf 87' lang='lat' dir='ltr'><strong>Testa</strong></span> <span class='ocrx_word' id='word_1_8' title='bbox 386 228 520 267; x_wconf 87' lang='lat' dir='ltr'><strong>parem</strong></span> <span class='ocrx_word' id='word_1_9' title='bbox 553 216 673 255; x_wconf 80' lang='lat' dir='ltr'><strong>fecit.</strong></span> <span class='ocrx_word' id='word_1_10' title='bbox 712 228 810 268; x_wconf 86' lang='lat' dir='ltr'><strong>quac</strong></span> <span class='ocrx_word' id='word_1_11' title='bbox 841 221 1049 268; x_wconf 82' lang='lat' dir='ltr'>postquam</span> <span class='ocrx_word' id='word_1_12' title='bbox 1081 215 1236 256; x_wconf 89' lang='lat' dir='ltr'><strong>subdita</strong></span> <span class='ocrx_word' id='word_1_13' title='bbox 1268 216 1409 256; x_wconf 88' lang='lat' dir='ltr'><strong>clivum</strong></span> 
     </span>
     <span class='ocr_line' id='line_1_3' title="bbox 241 274 1267 327; baseline 0.001 -14"><span class='ocrx_word' id='word_1_14' title='bbox 241 274 436 327; x_wconf 89' lang='lat' dir='ltr'><strong>Sustulit,</strong></span> <span class='ocrx_word' id='word_1_15' title='bbox 468 281 671 326; x_wconf 89' lang='lat' dir='ltr'><strong>aequa-tam</strong></span> <span class='ocrx_word' id='word_1_16' title='bbox 702 280 856 314; x_wconf 89' lang='lat' dir='ltr'><strong>mentae</strong></span> <span class='ocrx_word' id='word_1_17' title='bbox 888 281 1039 314; x_wconf 80' lang='lat' dir='ltr'><strong>tersere</strong></span> <span class='ocrx_word' id='word_1_18' title='bbox 1072 277 1267 314; x_wconf 84' lang='lat' dir='ltr'><strong>virentes.</strong></span> 
     </span>
     <span class='ocr_line' id='line_1_4' title="bbox 240 332 1263 385; baseline 0.001 -14"><span class='ocrx_word' id='word_1_19' title='bbox 240 332 404 372; x_wconf 87' lang='lat' dir='ltr'><strong>Ponitur</strong></span> <span class='ocrx_word' id='word_1_20' title='bbox 435 333 499 372; x_wconf 92' lang='lat' dir='ltr'><strong>hic</strong></span> <span class='ocrx_word' id='word_1_21' title='bbox 530 333 680 372; x_wconf 88' lang='lat' dir='ltr'><strong>bicolor</strong></span> <span class='ocrx_word' id='word_1_22' title='bbox 711 335 887 372; x_wconf 81' lang='lat' dir='ltr'><strong>sincerae</strong></span> <span class='ocrx_word' id='word_1_23' title='bbox 919 333 1014 372; x_wconf 83' lang='lat' dir='ltr'>baca</span> <span class='ocrx_word' id='word_1_24' title='bbox 1044 333 1263 385; x_wconf 86' lang='lat' dir='ltr'><strong>Minervae,</strong></span> 
     </span>
    </p>

    <p class='ocr_par' dir='ltr' id='par_1_3' title="bbox 153 391 1316 503">
     <span class='ocr_line' id='line_1_5' title="bbox 153 391 1316 443; baseline 0.001 -13"><span class='ocrx_word' id='word_1_25' title='bbox 153 399 220 430; x_wconf 77' lang='grc'><strong>665</strong></span> <span class='ocrx_word' id='word_1_26' title='bbox 242 391 484 442; x_wconf 91' lang='lat' dir='ltr'><strong>Conditaque</strong></span> <span class='ocrx_word' id='word_1_27' title='bbox 515 393 555 430; x_wconf 93' lang='lat' dir='ltr'><strong>in</strong></span> <span class='ocrx_word' id='word_1_28' title='bbox 587 391 733 443; x_wconf 91' lang='lat' dir='ltr'><strong>liquida</strong></span> <span class='ocrx_word' id='word_1_29' title='bbox 765 404 884 431; x_wconf 87' lang='lat' dir='ltr'><strong>corna</strong></span> <span class='ocrx_word' id='word_1_30' title='bbox 915 392 1152 431; x_wconf 84' lang='lat' dir='ltr'><strong>autumnalia</strong></span> <span class='ocrx_word' id='word_1_31' title='bbox 1185 392 1316 443; x_wconf 82' lang='lat' dir='ltr'><strong>faece,</strong></span> 
     </span>
     <span class='ocr_line' id='line_1_6' title="bbox 240 449 1205 503; baseline 0.001 -15"><span class='ocrx_word' id='word_1_32' title='bbox 240 449 443 501; x_wconf 89' lang='lat' dir='ltr'><strong>lntibaque</strong></span> <span class='ocrx_word' id='word_1_33' title='bbox 475 456 515 489; x_wconf 88' lang='lat' dir='ltr'><strong>et</strong></span> <span class='ocrx_word' id='word_1_34' title='bbox 545 450 654 489; x_wconf 83' lang='lat' dir='ltr'><strong>radix</strong></span> <span class='ocrx_word' id='word_1_35' title='bbox 686 457 725 489; x_wconf 87' lang='lat' dir='ltr'><strong>et</strong></span> <span class='ocrx_word' id='word_1_36' title='bbox 756 450 866 489; x_wconf 90' lang='lat' dir='ltr'><strong>lactis</strong></span> <span class='ocrx_word' id='word_1_37' title='bbox 898 462 1024 489; x_wconf 91' lang='lat' dir='ltr'><strong>massa</strong></span> <span class='ocrx_word' id='word_1_38' title='bbox 1056 452 1205 503; x_wconf 86' lang='lat' dir='ltr'><strong>coacti,</strong></span> 
     </span>
    </p>

    <p class='ocr_par' dir='ltr' id='par_1_4' title="bbox 241 508 1251 678">
     <span class='ocr_line' id='line_1_7' title="bbox 241 508 1152 561; baseline 0.002 -15"><span class='ocrx_word' id='word_1_39' title='bbox 241 508 399 560; x_wconf 76' lang='lat' dir='ltr'><strong>Ovaque</strong></span> <span class='ocrx_word' id='word_1_40' title='bbox 431 521 509 547; x_wconf 90' lang='lat' dir='ltr'><strong>non</strong></span> <span class='ocrx_word' id='word_1_41' title='bbox 542 510 623 548; x_wconf 90' lang='lat' dir='ltr'><strong>acri</strong></span> <span class='ocrx_word' id='word_1_42' title='bbox 653 508 791 548; x_wconf 88' lang='lat' dir='ltr'><strong>leviter</strong></span> <span class='ocrx_word' id='word_1_43' title='bbox 821 515 972 548; x_wconf 89' lang='lat' dir='ltr'><strong>versata</strong></span> <span class='ocrx_word' id='word_1_44' title='bbox 1004 509 1152 561; x_wconf 87' lang='lat' dir='ltr'><strong>favilla,</strong></span> 
     </span>
     <span class='ocr_line' id='line_1_8' title="bbox 241 566 1251 619; baseline 0 -13"><span class='ocrx_word' id='word_1_45' title='bbox 241 566 381 606; x_wconf 90' lang='lat' dir='ltr'><strong>Omnia</strong></span> <span class='ocrx_word' id='word_1_46' title='bbox 413 567 597 606; x_wconf 88' lang='lat' dir='ltr'><strong>fictilibus</strong></span> <span class='ocrx_word' id='word_1_47' title='bbox 618 599 626 606; x_wconf 95' lang='lat'><strong>.</strong></span> <span class='ocrx_word' id='word_1_48' title='bbox 664 574 753 619; x_wconf 91' lang='lat' dir='ltr'><strong>post</strong></span> <span class='ocrx_word' id='word_1_49' title='bbox 783 567 879 606; x_wconf 88' lang='lat' dir='ltr'><strong>haec</strong></span> <span class='ocrx_word' id='word_1_50' title='bbox 911 567 1082 607; x_wconf 87' lang='lat' dir='ltr'><strong>caelatus</strong></span> <span class='ocrx_word' id='word_1_51' title='bbox 1114 567 1251 606; x_wconf 89' lang='lat' dir='ltr'><strong>eodcm</strong></span> 
     </span>
     <span class='ocr_line' id='line_1_9' title="bbox 242 625 1175 678; baseline 0.001 -14"><span class='ocrx_word' id='word_1_52' title='bbox 242 625 403 665; x_wconf 87' lang='lat' dir='ltr'><strong>Sistitur</strong></span> <span class='ocrx_word' id='word_1_53' title='bbox 435 632 596 677; x_wconf 87' lang='lat' dir='ltr'><strong>argento</strong></span> <span class='ocrx_word' id='word_1_54' title='bbox 629 631 758 665; x_wconf 86' lang='lat' dir='ltr'><strong>crater</strong></span> <span class='ocrx_word' id='word_1_55' title='bbox 789 626 1054 677; x_wconf 86' lang='lat' dir='ltr'><strong>fabricataque</strong></span> <span class='ocrx_word' id='word_1_56' title='bbox 1090 627 1175 678; x_wconf 85' lang='lat' dir='ltr'><strong>fago</strong></span> 
     </span>
    </p>

    <p class='ocr_par' dir='ltr' id='par_1_5' title="bbox 152 684 1380 971">
     <span class='ocr_line' id='line_1_10' title="bbox 152 684 1337 738; baseline 0.001 -16"><span class='ocrx_word' id='word_1_57' title='bbox 152 692 220 723; x_wconf 76' lang='grc'><strong>670</strong></span> <span class='ocrx_word' id='word_1_58' title='bbox 240 684 385 724; x_wconf 88' lang='lat' dir='ltr'><strong>Pocula</strong></span> <span class='ocrx_word' id='word_1_59' title='bbox 403 716 414 738; x_wconf 91' lang='lat'><em>,</em></span> <span class='ocrx_word' id='word_1_60' title='bbox 446 696 522 735; x_wconf 87' lang='lat' dir='ltr'><strong>qua</strong></span> <span class='ocrx_word' id='word_1_61' title='bbox 553 696 643 723; x_wconf 88' lang='lat' dir='ltr'><strong>cava</strong></span> <span class='ocrx_word' id='word_1_62' title='bbox 675 691 768 724; x_wconf 86' lang='lat' dir='ltr'><strong>sunt</strong></span> <span class='ocrx_word' id='word_1_63' title='bbox 785 716 796 737; x_wconf 90' lang='lat'>,</span> <span class='ocrx_word' id='word_1_64' title='bbox 827 684 1059 724; x_wconf 87' lang='lat' dir='ltr'><strong>flaventibus</strong></span> <span class='ocrx_word' id='word_1_65' title='bbox 1089 684 1185 724; x_wconf 90' lang='lat' dir='ltr'><strong>illita</strong></span> <span class='ocrx_word' id='word_1_66' title='bbox 1217 685 1337 723; x_wconf 89' lang='lat' dir='ltr'><strong>ceris.</strong></span> 
     </span>
     <span class='ocr_line' id='line_1_11' title="bbox 239 743 1377 796; baseline 0 -14"><span class='ocrx_word' id='word_1_67' title='bbox 239 743 360 782; x_wconf 90' lang='lat' dir='ltr'><strong>Parva</strong></span> <span class='ocrx_word' id='word_1_68' title='bbox 392 755 500 782; x_wconf 92' lang='lat' dir='ltr'><strong>mora</strong></span> <span class='ocrx_word' id='word_1_69' title='bbox 532 749 621 795; x_wconf 85' lang='lat' dir='ltr'><strong>est,</strong></span> <span class='ocrx_word' id='word_1_70' title='bbox 652 743 865 794; x_wconf 86' lang='lat' dir='ltr'><strong>epulasque</strong></span> <span class='ocrx_word' id='word_1_71' title='bbox 898 743 974 782; x_wconf 83' lang='lat' dir='ltr'><strong>foci</strong></span> <span class='ocrx_word' id='word_1_72' title='bbox 1005 744 1148 782; x_wconf 88' lang='lat' dir='ltr'><strong>misere</strong></span> <span class='ocrx_word' id='word_1_73' title='bbox 1180 743 1377 796; x_wconf 85' lang='lat' dir='ltr'><strong>calentes,</strong></span> 
     </span>
     <span class='ocr_line' id='line_1_12' title="bbox 240 801 1276 854; baseline 0.001 -14"><span class='ocrx_word' id='word_1_74' title='bbox 240 801 320 840; x_wconf 89' lang='lat' dir='ltr'><strong>Nec</strong></span> <span class='ocrx_word' id='word_1_75' title='bbox 352 801 488 853; x_wconf 86' lang='lat' dir='ltr'><strong>longae</strong></span> <span class='ocrx_word' id='word_1_76' title='bbox 520 813 660 841; x_wconf 85' lang='lat' dir='ltr'><strong>rursus</strong></span> <span class='ocrx_word' id='word_1_77' title='bbox 693 803 921 841; x_wconf 87' lang='lat' dir='ltr'><strong>reseruntur</strong></span> <span class='ocrx_word' id='word_1_78' title='bbox 952 803 1040 840; x_wconf 88' lang='lat' dir='ltr'><strong>vina</strong></span> <span class='ocrx_word' id='word_1_79' title='bbox 1071 807 1276 854; x_wconf 81' lang='lat' dir='ltr'><strong>senectae,</strong></span> 
     </span>
     <span class='ocr_line' id='line_1_13' title="bbox 241 860 1380 912; baseline 0 -13"><span class='ocrx_word' id='word_1_80' title='bbox 241 860 419 911; x_wconf 90' lang='lat' dir='ltr'><strong>Dantque</strong></span> <span class='ocrx_word' id='word_1_81' title='bbox 451 860 581 900; x_wconf 89' lang='lat' dir='ltr'><strong>locum</strong></span> <span class='ocrx_word' id='word_1_82' title='bbox 613 862 758 899; x_wconf 88' lang='lat' dir='ltr'><strong>mensis</strong></span> <span class='ocrx_word' id='word_1_83' title='bbox 789 860 948 912; x_wconf 89' lang='lat' dir='ltr'><strong>paulum</strong></span> <span class='ocrx_word' id='word_1_84' title='bbox 980 860 1141 899; x_wconf 88' lang='lat' dir='ltr'><strong>seducta</strong></span> <span class='ocrx_word' id='word_1_85' title='bbox 1173 860 1380 899; x_wconf 86' lang='lat' dir='ltr'><strong>secundis.</strong></span> 
     </span>
     <span class='ocr_line' id='line_1_14' title="bbox 242 918 1305 971; baseline -0.001 -13"><span class='ocrx_word' id='word_1_86' title='bbox 242 918 312 958; x_wconf 90' lang='lat' dir='ltr'><strong>Hic</strong></span> <span class='ocrx_word' id='word_1_87' title='bbox 344 931 423 958; x_wconf 86' lang='lat' dir='ltr'><strong>nux</strong></span> <span class='ocrx_word' id='word_1_88' title='bbox 442 951 453 971; x_wconf 88' lang='lat'>‚</span> <span class='ocrx_word' id='word_1_89' title='bbox 484 919 548 958; x_wconf 91' lang='lat' dir='ltr'><strong>hic</strong></span> <span class='ocrx_word' id='word_1_90' title='bbox 580 920 699 958; x_wconf 87' lang='lat' dir='ltr'><strong>mixta</strong></span> <span class='ocrx_word' id='word_1_91' title='bbox 731 924 791 958; x_wconf 89' lang='lat' dir='ltr'><strong>est</strong></span> <span class='ocrx_word' id='word_1_92' title='bbox 821 921 976 970; x_wconf 85' lang='lat' dir='ltr'><strong>rugosis</strong></span> <span class='ocrx_word' id='word_1_93' title='bbox 1009 920 1136 958; x_wconf 87' lang='lat' dir='ltr'><strong>carica</strong></span> <span class='ocrx_word' id='word_1_94' title='bbox 1166 918 1305 971; x_wconf 91' lang='lat' dir='ltr'><strong>palmis</strong></span> 
     </span>
    </p>

    <p class='ocr_par' dir='ltr' id='par_1_6' title="bbox 155 977 1350 1088">
     <span class='ocr_line' id='line_1_15' title="bbox 155 977 1350 1029; baseline 0.001 -14"><span class='ocrx_word' id='word_1_95' title='bbox 155 985 220 1016; x_wconf 80' lang='lat'><strong>675</strong></span> <span class='ocrx_word' id='word_1_96' title='bbox 240 977 450 1029; x_wconf 88' lang='lat' dir='ltr'><strong>Prunaque</strong></span> <span class='ocrx_word' id='word_1_97' title='bbox 483 983 522 1016; x_wconf 89' lang='lat' dir='ltr'><strong>et</strong></span> <span class='ocrx_word' id='word_1_98' title='bbox 553 979 592 1016; x_wconf 91' lang='lat' dir='ltr'><strong>in</strong></span> <span class='ocrx_word' id='word_1_99' title='bbox 617 977 760 1029; x_wconf 87' lang='lat' dir='ltr'><strong>patulis</strong></span> <span class='ocrx_word' id='word_1_100' title='bbox 792 977 1008 1016; x_wconf 84' lang='lat' dir='ltr'><strong>redolentia</strong></span> <span class='ocrx_word' id='word_1_101' title='bbox 1039 977 1137 1016; x_wconf 87' lang='lat' dir='ltr'><strong>mala</strong></span> <span class='ocrx_word' id='word_1_102' title='bbox 1169 979 1350 1016; x_wconf 88' lang='lat' dir='ltr'><strong>canistris</strong></span> 
     </span>
     <span class='ocr_line' id='line_1_16' title="bbox 242 1035 1153 1088; baseline 0.001 -14"><span class='ocrx_word' id='word_1_103' title='bbox 242 1035 290 1075; x_wconf 89' lang='lat' dir='ltr'><strong>Et</strong></span> <span class='ocrx_word' id='word_1_104' title='bbox 321 1036 369 1075; x_wconf 91' lang='lat' dir='ltr'><strong>de</strong></span> <span class='ocrx_word' id='word_1_105' title='bbox 402 1038 615 1088; x_wconf 88' lang='lat' dir='ltr'><strong>purpureis</strong></span> <span class='ocrx_word' id='word_1_106' title='bbox 647 1035 833 1075; x_wconf 88' lang='lat' dir='ltr'><strong>collectae</strong></span> <span class='ocrx_word' id='word_1_107' title='bbox 864 1036 1008 1075; x_wconf 86' lang='lat' dir='ltr'><strong>vitibus</strong></span> <span class='ocrx_word' id='word_1_108' title='bbox 1034 1048 1153 1075; x_wconf 84' lang='lat' dir='ltr'><strong>uvae.</strong></span> 
     </span>
    </p>

    <p class='ocr_par' dir='ltr' id='par_1_7' title="bbox 242 1094 1412 1263">
     <span class='ocr_line' id='line_1_17' title="bbox 243 1094 1412 1146; baseline 0.001 -13"><span class='ocrx_word' id='word_1_109' title='bbox 243 1094 439 1133; x_wconf 83' lang='lat' dir='ltr'><strong>Candidus</strong></span> <span class='ocrx_word' id='word_1_110' title='bbox 470 1096 511 1134; x_wconf 93' lang='lat' dir='ltr'><strong>in</strong></span> <span class='ocrx_word' id='word_1_111' title='bbox 543 1094 671 1133; x_wconf 90' lang='lat' dir='ltr'><strong>medio</strong></span> <span class='ocrx_word' id='word_1_112' title='bbox 704 1095 812 1133; x_wconf 86' lang='lat' dir='ltr'><strong>favus</strong></span> <span class='ocrx_word' id='word_1_113' title='bbox 845 1100 932 1134; x_wconf 91' lang='lat' dir='ltr'><strong>est.</strong></span> <span class='ocrx_word' id='word_1_114' title='bbox 971 1107 1091 1146; x_wconf 89' lang='lat' dir='ltr'><strong>super</strong></span> <span class='ocrx_word' id='word_1_115' title='bbox 1122 1096 1251 1133; x_wconf 89' lang='lat' dir='ltr'><strong>omnia</strong></span> <span class='ocrx_word' id='word_1_116' title='bbox 1283 1094 1412 1134; x_wconf 83' lang='lat' dir='ltr'><strong>vultus</strong></span> 
     </span>
     <span class='ocr_line' id='line_1_18' title="bbox 242 1152 1311 1204; baseline -0.001 -12"><span class='ocrx_word' id='word_1_117' title='bbox 242 1157 455 1192; x_wconf 86' lang='lat' dir='ltr'><strong>Accessere</strong></span> <span class='ocrx_word' id='word_1_118' title='bbox 486 1152 580 1192; x_wconf 89' lang='lat' dir='ltr'><strong>boni</strong></span> <span class='ocrx_word' id='word_1_119' title='bbox 612 1165 684 1192; x_wconf 88' lang='lat' dir='ltr'><strong>nec</strong></span> <span class='ocrx_word' id='word_1_120' title='bbox 715 1154 823 1192; x_wconf 91' lang='lat' dir='ltr'><strong>iners</strong></span> <span class='ocrx_word' id='word_1_121' title='bbox 848 1165 1076 1204; x_wconf 87' lang='lat' dir='ltr'><strong>pauperque</strong></span> <span class='ocrx_word' id='word_1_122' title='bbox 1108 1153 1311 1192; x_wconf 88' lang='lat' dir='ltr'><strong>voluntas.</strong></span> 
     </span>
     <span class='ocr_line' id='line_1_19' title="bbox 244 1211 1148 1263; baseline 0.001 -14"><span class='ocrx_word' id='word_1_123' title='bbox 244 1212 394 1251; x_wconf 86' lang='lat' dir='ltr'><strong>lnterea</strong></span> <span class='ocrx_word' id='word_1_124' title='bbox 427 1213 572 1250; x_wconf 88' lang='lat' dir='ltr'><strong>totiens</strong></span> <span class='ocrx_word' id='word_1_125' title='bbox 603 1211 788 1250; x_wconf 89' lang='lat' dir='ltr'><strong>haustum</strong></span> <span class='ocrx_word' id='word_1_126' title='bbox 820 1218 972 1250; x_wconf 90' lang='lat' dir='ltr'><strong>cratera</strong></span> <span class='ocrx_word' id='word_1_127' title='bbox 1003 1211 1148 1263; x_wconf 88' lang='lat' dir='ltr'><strong>repleri</strong></span> 
     </span>
    </p>

    <p class='ocr_par' dir='ltr' id='par_1_8' title="bbox 156 1270 1427 1555">
     <span class='ocr_line' id='line_1_20' title="bbox 156 1270 1371 1322; baseline 0.002 -14"><span class='ocrx_word' id='word_1_128' title='bbox 156 1277 223 1309; x_wconf 83' lang='lat'><strong>680</strong></span> <span class='ocrx_word' id='word_1_129' title='bbox 245 1271 392 1321; x_wconf 88' lang='lat' dir='ltr'><strong>Sponte</strong></span> <span class='ocrx_word' id='word_1_130' title='bbox 425 1282 524 1322; x_wconf 85' lang='lat' dir='ltr'><strong>sua,</strong></span> <span class='ocrx_word' id='word_1_131' title='bbox 555 1282 626 1321; x_wconf 89' lang='lat' dir='ltr'><strong>per</strong></span> <span class='ocrx_word' id='word_1_132' title='bbox 658 1281 779 1321; x_wconf 89' lang='lat' dir='ltr'><strong>seque</strong></span> <span class='ocrx_word' id='word_1_133' title='bbox 811 1270 944 1309; x_wconf 86' lang='lat' dir='ltr'><strong>vident</strong></span> <span class='ocrx_word' id='word_1_134' title='bbox 975 1282 1228 1309; x_wconf 85' lang='lat' dir='ltr'><strong>succrescere</strong></span> <span class='ocrx_word' id='word_1_135' title='bbox 1260 1271 1371 1310; x_wconf 81' lang='lat' dir='ltr'><strong>vina:</strong></span> 
     </span>
     <span class='ocr_line' id='line_1_21' title="bbox 243 1327 1282 1381; baseline 0 -14"><span class='ocrx_word' id='word_1_136' title='bbox 243 1330 407 1368; x_wconf 85' lang='lat' dir='ltr'><strong>Attoniti</strong></span> <span class='ocrx_word' id='word_1_137' title='bbox 439 1330 608 1367; x_wconf 83' lang='lat' dir='ltr'><strong>novitate</strong></span> <span class='ocrx_word' id='word_1_138' title='bbox 639 1334 810 1381; x_wconf 89' lang='lat' dir='ltr'><strong>pavent,</strong></span> <span class='ocrx_word' id='word_1_139' title='bbox 841 1327 1099 1379; x_wconf 89' lang='lat' dir='ltr'><strong>manibusque</strong></span> <span class='ocrx_word' id='word_1_140' title='bbox 1131 1330 1282 1380; x_wconf 88' lang='lat' dir='ltr'><strong>supinis</strong></span> 
     </span>
     <span class='ocr_line' id='line_1_22' title="bbox 242 1386 1427 1438; baseline 0.001 -13"><span class='ocrx_word' id='word_1_141' title='bbox 242 1387 478 1438; x_wconf 88' lang='lat' dir='ltr'><strong>Concipiunt</strong></span> <span class='ocrx_word' id='word_1_142' title='bbox 508 1386 727 1437; x_wconf 89' lang='lat' dir='ltr'><strong>Baucisque</strong></span> <span class='ocrx_word' id='word_1_143' title='bbox 759 1399 898 1437; x_wconf 83' lang='lat' dir='ltr'><strong>preces</strong></span> <span class='ocrx_word' id='word_1_144' title='bbox 928 1386 1167 1438; x_wconf 84' lang='lat' dir='ltr'><strong>timidusque</strong></span> <span class='ocrx_word' id='word_1_145' title='bbox 1199 1386 1427 1438; x_wconf 89' lang='lat' dir='ltr'><strong>Philemon,</strong></span> 
     </span>
     <span class='ocr_line' id='line_1_23' title="bbox 242 1445 1298 1497; baseline 0 -13"><span class='ocrx_word' id='word_1_146' title='bbox 242 1445 291 1484; x_wconf 89' lang='lat' dir='ltr'><strong>Et</strong></span> <span class='ocrx_word' id='word_1_147' title='bbox 322 1447 474 1484; x_wconf 90' lang='lat' dir='ltr'><strong>veniam</strong></span> <span class='ocrx_word' id='word_1_148' title='bbox 506 1445 670 1497; x_wconf 89' lang='lat' dir='ltr'><strong>dapibus</strong></span> <span class='ocrx_word' id='word_1_149' title='bbox 702 1445 899 1496; x_wconf 87' lang='lat' dir='ltr'><strong>nullisque</strong></span> <span class='ocrx_word' id='word_1_150' title='bbox 929 1445 1130 1497; x_wconf 88' lang='lat' dir='ltr'><strong>paratibus</strong></span> <span class='ocrx_word' id='word_1_151' title='bbox 1163 1451 1298 1484; x_wconf 88' lang='lat' dir='ltr'><strong>orant.</strong></span> 
     </span>
     <span class='ocr_line' id='line_1_24' title="bbox 243 1503 1271 1555; baseline -0.001 -12"><span class='ocrx_word' id='word_1_152' title='bbox 243 1504 389 1544; x_wconf 87' lang='lat' dir='ltr'><strong>Unicus</strong></span> <span class='ocrx_word' id='word_1_153' title='bbox 422 1516 537 1543; x_wconf 88' lang='lat' dir='ltr'><strong>anser</strong></span> <span class='ocrx_word' id='word_1_154' title='bbox 568 1509 653 1543; x_wconf 88' lang='lat' dir='ltr'><strong>erat</strong></span> <span class='ocrx_word' id='word_1_155' title='bbox 670 1535 682 1555; x_wconf 88' lang='lat'><em>,</em></span> <span class='ocrx_word' id='word_1_156' title='bbox 713 1505 895 1542; x_wconf 89' lang='lat' dir='ltr'><strong>minimae</strong></span> <span class='ocrx_word' id='word_1_157' title='bbox 928 1504 1105 1543; x_wconf 89' lang='lat' dir='ltr'><strong>custodia</strong></span> <span class='ocrx_word' id='word_1_158' title='bbox 1136 1503 1271 1555; x_wconf 86' lang='lat' dir='ltr'><strong>villae,</strong></span> 
     </span>
    </p>

    <p class='ocr_par' dir='ltr' id='par_1_9' title="bbox 156 1562 1334 1673">
     <span class='ocr_line' id='line_1_25' title="bbox 156 1562 1334 1614; baseline 0 -13"><span class='ocrx_word' id='word_1_159' title='bbox 156 1571 221 1602; x_wconf 58' lang='grc' dir='ltr'><strong>θεῖ)</strong></span> <span class='ocrx_word' id='word_1_160' title='bbox 243 1562 368 1609; x_wconf 90' lang='lat' dir='ltr'><strong>Quem</strong></span> <span class='ocrx_word' id='word_1_161' title='bbox 401 1563 460 1602; x_wconf 91' lang='lat' dir='ltr'><strong>dis</strong></span> <span class='ocrx_word' id='word_1_162' title='bbox 491 1562 713 1614; x_wconf 90' lang='lat' dir='ltr'><strong>hospitibus</strong></span> <span class='ocrx_word' id='word_1_163' title='bbox 745 1562 892 1601; x_wconf 88' lang='lat' dir='ltr'><strong>domini</strong></span> <span class='ocrx_word' id='word_1_164' title='bbox 923 1568 1093 1601; x_wconf 89' lang='lat' dir='ltr'><strong>mactare</strong></span> <span class='ocrx_word' id='word_1_165' title='bbox 1124 1562 1334 1614; x_wconf 89' lang='lat' dir='ltr'><strong>parabant.</strong></span> 
     </span>
     <span class='ocr_line' id='line_1_26' title="bbox 242 1620 1116 1673; baseline -0.001 -13"><span class='ocrx_word' id='word_1_166' title='bbox 242 1621 310 1660; x_wconf 90' lang='lat' dir='ltr'><strong>Ille</strong></span> <span class='ocrx_word' id='word_1_167' title='bbox 343 1621 447 1660; x_wconf 88' lang='lat' dir='ltr'><strong>celer</strong></span> <span class='ocrx_word' id='word_1_168' title='bbox 478 1633 606 1673; x_wconf 92' lang='lat' dir='ltr'><strong>penna</strong></span> <span class='ocrx_word' id='word_1_169' title='bbox 637 1620 770 1660; x_wconf 88' lang='lat' dir='ltr'><strong>tardos</strong></span> <span class='ocrx_word' id='word_1_170' title='bbox 801 1627 926 1660; x_wconf 84' lang='lat' dir='ltr'><strong>aetate</strong></span> <span class='ocrx_word' id='word_1_171' title='bbox 960 1622 1116 1673; x_wconf 75' lang='lat' dir='ltr'><strong>fatigat,</strong></span> 
     </span>
    </p>

    <p class='ocr_par' dir='ltr' id='par_1_10' title="bbox 243 1679 1389 1849">
     <span class='ocr_line' id='line_1_27' title="bbox 243 1679 1295 1732; baseline -0.001 -13"><span class='ocrx_word' id='word_1_172' title='bbox 243 1679 452 1730; x_wconf 89' lang='lat' dir='ltr'><strong>Eluditque</strong></span> <span class='ocrx_word' id='word_1_173' title='bbox 485 1679 552 1719; x_wconf 90' lang='lat' dir='ltr'><strong>diu</strong></span> <span class='ocrx_word' id='word_1_174' title='bbox 571 1711 582 1732; x_wconf 92' lang='lat'><em>‚</em></span> <span class='ocrx_word' id='word_1_175' title='bbox 613 1680 849 1730; x_wconf 87' lang='lat' dir='ltr'><strong>tandemque</strong></span> <span class='ocrx_word' id='word_1_176' title='bbox 881 1685 942 1718; x_wconf 88' lang='lat' dir='ltr'><strong>est</strong></span> <span class='ocrx_word' id='word_1_177' title='bbox 973 1681 1079 1719; x_wconf 91' lang='lat' dir='ltr'><strong>visus</strong></span> <span class='ocrx_word' id='word_1_178' title='bbox 1111 1679 1157 1718; x_wconf 88' lang='lat' dir='ltr'><strong>ad</strong></span> <span class='ocrx_word' id='word_1_179' title='bbox 1189 1681 1295 1731; x_wconf 88' lang='lat' dir='ltr'><strong>ipsos</strong></span> 
     </span>
     <span class='ocr_line' id='line_1_28' title="bbox 243 1738 1183 1789; baseline 0 -12"><span class='ocrx_word' id='word_1_180' title='bbox 243 1738 474 1789; x_wconf 78' lang='lat' dir='ltr'><strong>confugisse</strong></span> <span class='ocrx_word' id='word_1_181' title='bbox 506 1738 630 1777; x_wconf 90' lang='lat' dir='ltr'><strong>deos.</strong></span> <span class='ocrx_word' id='word_1_182' title='bbox 668 1740 802 1789; x_wconf 88' lang='lat' dir='ltr'><strong>superi</strong></span> <span class='ocrx_word' id='word_1_183' title='bbox 833 1744 995 1777; x_wconf 87' lang='lat' dir='ltr'><strong>vetuere</strong></span> <span class='ocrx_word' id='word_1_184' title='bbox 1027 1739 1183 1777; x_wconf 89' lang='lat' dir='ltr'><strong>necari:</strong></span> 
     </span>
     <span class='ocr_line' id='line_1_29' title="bbox 244 1794 1389 1849; baseline -0.001 -13"><span class='ocrx_word' id='word_1_185' title='bbox 244 1794 336 1836; x_wconf 81' lang='lat' dir='ltr'><strong>“Di&#39;</strong></span> <span class='ocrx_word' id='word_1_186' title='bbox 369 1809 445 1848; x_wconf 89' lang='lat' dir='ltr'><strong>que</strong></span> <span class='ocrx_word' id='word_1_187' title='bbox 479 1794 630 1836; x_wconf 75' lang='lat' dir='ltr'><strong>‘sumus</strong></span> <span class='ocrx_word' id='word_1_188' title='bbox 649 1828 661 1849; x_wconf 87' lang='lat'><em>‚</em></span> <span class='ocrx_word' id='word_1_189' title='bbox 692 1798 929 1847; x_wconf 88' lang='lat' dir='ltr'><strong>meritasque</strong></span> <span class='ocrx_word' id='word_1_190' title='bbox 961 1796 1043 1835; x_wconf 89' lang='lat' dir='ltr'><strong>luet</strong></span> <span class='ocrx_word' id='word_1_191' title='bbox 1073 1797 1213 1835; x_wconf 87' lang='lat' dir='ltr'><strong>vicinia</strong></span> <span class='ocrx_word' id='word_1_192' title='bbox 1243 1808 1389 1848; x_wconf 88' lang='lat' dir='ltr'><strong>poenas</strong></span> 
     </span>
    </p>

    <p class='ocr_par' dir='ltr' id='par_1_11' title="bbox 156 1852 1368 2141">
     <span class='ocr_line' id='line_1_30' title="bbox 156 1852 1185 1907; baseline -0.001 -12"><span class='ocrx_word' id='word_1_193' title='bbox 156 1864 223 1895; x_wconf 81' lang='grc'><strong>690</strong></span> <span class='ocrx_word' id='word_1_194' title='bbox 242 1856 363 1907; x_wconf 89' lang='lat' dir='ltr'><strong>Impia</strong></span> <span class='ocrx_word' id='word_1_195' title='bbox 382 1852 407 1907; x_wconf 90' lang='lat'><strong>;&#39;</strong></span> <span class='ocrx_word' id='word_1_196' title='bbox 439 1855 624 1894; x_wconf 83' lang='lat' dir='ltr'><strong>dixerunt</strong></span> <span class='ocrx_word' id='word_1_197' title='bbox 655 1852 780 1894; x_wconf 76' lang='lat' dir='ltr'><strong>‘vobis</strong></span> <span class='ocrx_word' id='word_1_198' title='bbox 809 1854 1037 1894; x_wconf 88' lang='lat' dir='ltr'><strong>inmunibus</strong></span> <span class='ocrx_word' id='word_1_199' title='bbox 1068 1855 1185 1894; x_wconf 87' lang='lat' dir='ltr'><strong>huius</strong></span> 
     </span>
     <span class='ocr_line' id='line_1_31' title="bbox 243 1913 1368 1964; baseline -0.001 -11"><span class='ocrx_word' id='word_1_200' title='bbox 243 1914 340 1954; x_wconf 87' lang='lat' dir='ltr'><strong>Esse</strong></span> <span class='ocrx_word' id='word_1_201' title='bbox 372 1913 463 1953; x_wconf 92' lang='lat' dir='ltr'><strong>mali</strong></span> <span class='ocrx_word' id='word_1_202' title='bbox 494 1913 678 1953; x_wconf 85' lang='lat' dir='ltr'><strong>dabitur.</strong></span> <span class='ocrx_word' id='word_1_203' title='bbox 717 1913 831 1952; x_wconf 90' lang='lat' dir='ltr'><strong>modo</strong></span> <span class='ocrx_word' id='word_1_204' title='bbox 863 1918 992 1952; x_wconf 86' lang='lat' dir='ltr'><strong>vestra</strong></span> <span class='ocrx_word' id='word_1_205' title='bbox 1024 1913 1234 1964; x_wconf 88' lang='lat' dir='ltr'><strong>relinquite</strong></span> <span class='ocrx_word' id='word_1_206' title='bbox 1266 1919 1368 1952; x_wconf 85' lang='lat' dir='ltr'><strong>tecta</strong></span> 
     </span>
     <span class='ocr_line' id='line_1_32' title="bbox 243 1971 1340 2023; baseline -0.002 -11"><span class='ocrx_word' id='word_1_207' title='bbox 243 1974 297 2012; x_wconf 84' lang='lat' dir='ltr'><strong>Ac</strong></span> <span class='ocrx_word' id='word_1_208' title='bbox 328 1979 484 2012; x_wconf 90' lang='lat' dir='ltr'><strong>nostros</strong></span> <span class='ocrx_word' id='word_1_209' title='bbox 517 1973 697 2011; x_wconf 88' lang='lat' dir='ltr'><strong>comitate</strong></span> <span class='ocrx_word' id='word_1_210' title='bbox 729 1971 872 2023; x_wconf 86' lang='lat' dir='ltr'><strong>gradus</strong></span> <span class='ocrx_word' id='word_1_211' title='bbox 904 1977 943 2010; x_wconf 87' lang='lat' dir='ltr'><strong>et</strong></span> <span class='ocrx_word' id='word_1_212' title='bbox 973 1973 1013 2010; x_wconf 91' lang='lat' dir='ltr'><strong>in</strong></span> <span class='ocrx_word' id='word_1_213' title='bbox 1045 1971 1164 2010; x_wconf 86' lang='lat' dir='ltr'><strong>ardua</strong></span> <span class='ocrx_word' id='word_1_214' title='bbox 1197 1973 1340 2011; x_wconf 87' lang='lat' dir='ltr'><strong>montis</strong></span> 
     </span>
     <span class='ocr_line' id='line_1_33' title="bbox 243 2027 1260 2082; baseline -0.001 -12"><span class='ocrx_word' id='word_1_215' title='bbox 243 2032 300 2070; x_wconf 88' lang='lat' dir='ltr'><strong>lte</strong></span> <span class='ocrx_word' id='word_1_216' title='bbox 333 2031 448 2070; x_wconf 89' lang='lat' dir='ltr'><strong>simul</strong></span> <span class='ocrx_word' id='word_1_217' title='bbox 467 2027 507 2070; x_wconf 88' lang='lat'><strong>.&#39;&#39;</strong></span> <span class='ocrx_word' id='word_1_218' title='bbox 546 2036 686 2082; x_wconf 88' lang='lat' dir='ltr'><strong>parent</strong></span> <span class='ocrx_word' id='word_1_219' title='bbox 716 2030 828 2069; x_wconf 90' lang='lat' dir='ltr'><strong>ambo</strong></span> <span class='ocrx_word' id='word_1_220' title='bbox 847 2061 858 2082; x_wconf 93' lang='lat'><em>‚</em></span> <span class='ocrx_word' id='word_1_221' title='bbox 889 2029 1114 2081; x_wconf 89' lang='lat' dir='ltr'><strong>baculisque</strong></span> <span class='ocrx_word' id='word_1_222' title='bbox 1147 2030 1260 2069; x_wconf 87' lang='lat' dir='ltr'><strong>levati</strong></span> 
     </span>
     <span class='ocr_line' id='line_1_34' title="bbox 243 2088 1104 2141; baseline -0.002 -12"><span class='ocrx_word' id='word_1_223' title='bbox 243 2090 432 2129; x_wconf 89' lang='lat' dir='ltr'><strong>Nituntur</strong></span> <span class='ocrx_word' id='word_1_224' title='bbox 464 2089 578 2140; x_wconf 87' lang='lat' dir='ltr'><strong>longo</strong></span> <span class='ocrx_word' id='word_1_225' title='bbox 611 2091 772 2140; x_wconf 87' lang='lat' dir='ltr'><strong>vestigia</strong></span> <span class='ocrx_word' id='word_1_226' title='bbox 803 2100 950 2141; x_wconf 88' lang='lat' dir='ltr'><strong>ponere</strong></span> <span class='ocrx_word' id='word_1_227' title='bbox 983 2088 1104 2127; x_wconf 88' lang='lat' dir='ltr'><strong>clivo.</strong></span> 
     </span>
    </p>

    <p class='ocr_par' dir='ltr' id='par_1_12' title="bbox 157 2146 1465 2375">
     <span class='ocr_line' id='line_1_35' title="bbox 157 2146 1465 2199; baseline -0.001 -12"><span class='ocrx_word' id='word_1_228' title='bbox 157 2155 222 2187; x_wconf 79' lang='grc'><strong>695</strong></span> <span class='ocrx_word' id='word_1_229' title='bbox 243 2148 412 2187; x_wconf 86' lang='lat' dir='ltr'><strong>Tantum</strong></span> <span class='ocrx_word' id='word_1_230' title='bbox 443 2147 606 2187; x_wconf 90' lang='lat' dir='ltr'><strong>aberant</strong></span> <span class='ocrx_word' id='word_1_231' title='bbox 636 2159 788 2186; x_wconf 90' lang='lat' dir='ltr'><strong>summo</strong></span> <span class='ocrx_word' id='word_1_232' title='bbox 807 2178 819 2199; x_wconf 90' lang='lat'>‚</span> <span class='ocrx_word' id='word_1_233' title='bbox 850 2153 1039 2198; x_wconf 84' lang='lat' dir='ltr'><strong>quantu-m</strong></span> <span class='ocrx_word' id='word_1_234' title='bbox 1078 2146 1198 2186; x_wconf 87' lang='lat' dir='ltr'><strong>semel</strong></span> <span class='ocrx_word' id='word_1_235' title='bbox 1236 2148 1293 2186; x_wconf 88' lang='lat' dir='ltr'><strong>ire</strong></span> <span class='ocrx_word' id='word_1_236' title='bbox 1326 2147 1465 2198; x_wconf 85' lang='lat' dir='ltr'><strong>sagitta</strong></span> 
     </span>
     <span class='ocr_line' id='line_1_36' title="bbox 244 2205 1330 2258; baseline 0 -14"><span class='ocrx_word' id='word_1_237' title='bbox 244 2206 361 2245; x_wconf 88' lang='lat' dir='ltr'><strong>Missa</strong></span> <span class='ocrx_word' id='word_1_238' title='bbox 391 2212 551 2258; x_wconf 86' lang='lat' dir='ltr'><strong>potest:</strong></span> <span class='ocrx_word' id='word_1_239' title='bbox 582 2205 727 2244; x_wconf 82' lang='lat' dir='ltr'><strong>flexere</strong></span> <span class='ocrx_word' id='word_1_240' title='bbox 760 2205 893 2244; x_wconf 87' lang='lat' dir='ltr'><strong>oculos</strong></span> <span class='ocrx_word' id='word_1_241' title='bbox 911 2237 924 2257; x_wconf 85' lang='lat'><em>,</em></span> <span class='ocrx_word' id='word_1_242' title='bbox 959 2211 998 2244; x_wconf 88' lang='lat' dir='ltr'><strong>et</strong></span> <span class='ocrx_word' id='word_1_243' title='bbox 1029 2217 1156 2244; x_wconf 88' lang='lat' dir='ltr'><strong>mersa</strong></span> <span class='ocrx_word' id='word_1_244' title='bbox 1188 2205 1330 2257; x_wconf 88' lang='lat' dir='ltr'><strong>palude</strong></span> 
     </span>
     <span class='ocr_line' id='line_1_37' title="bbox 244 2264 1324 2317; baseline -0.001 -14"><span class='ocrx_word' id='word_1_245' title='bbox 244 2264 383 2303; x_wconf 87' lang='lat' dir='ltr'><strong>Cetera</strong></span> <span class='ocrx_word' id='word_1_246' title='bbox 413 2266 690 2317; x_wconf 88' lang='lat' dir='ltr'><strong>prospiciunt,</strong></span> <span class='ocrx_word' id='word_1_247' title='bbox 722 2270 873 2303; x_wconf 87' lang='lat' dir='ltr'><strong>tantum</strong></span> <span class='ocrx_word' id='word_1_248' title='bbox 905 2275 975 2302; x_wconf 90' lang='lat' dir='ltr'><strong>sua</strong></span> <span class='ocrx_word' id='word_1_249' title='bbox 1006 2269 1108 2302; x_wconf 89' lang='lat' dir='ltr'><strong>tecta</strong></span> <span class='ocrx_word' id='word_1_250' title='bbox 1140 2275 1324 2303; x_wconf 86' lang='lat' dir='ltr'><strong>manere.</strong></span> 
     </span>
     <span class='ocr_line' id='line_1_38' title="bbox 245 2321 1378 2375; baseline -0.001 -13"><span class='ocrx_word' id='word_1_251' title='bbox 245 2322 422 2375; x_wconf 85' lang='lat' dir='ltr'><strong>Dumque</strong></span> <span class='ocrx_word' id='word_1_252' title='bbox 455 2335 499 2362; x_wconf 91' lang='lat' dir='ltr'><strong>ea</strong></span> <span class='ocrx_word' id='word_1_253' title='bbox 531 2325 752 2375; x_wconf 87' lang='lat' dir='ltr'><strong>mirantur,</strong></span> <span class='ocrx_word' id='word_1_254' title='bbox 784 2322 876 2361; x_wconf 91' lang='lat' dir='ltr'><strong>dum</strong></span> <span class='ocrx_word' id='word_1_255' title='bbox 908 2321 1053 2360; x_wconf 83' lang='lat' dir='ltr'><strong>deflent</strong></span> <span class='ocrx_word' id='word_1_256' title='bbox 1084 2322 1159 2361; x_wconf 85' lang='lat' dir='ltr'><strong>sata</strong></span> <span class='ocrx_word' id='word_1_257' title='bbox 1192 2334 1378 2374; x_wconf 87' lang='lat' dir='ltr'><strong>suorum,</strong></span> 
     </span>
    </p>
   </div>
  </div>
 </body>
</html>
