1554 2563
563 128 629 163 XV
649 156 658 173 ,
684 132 846 164 80—153
860 156 868 164 .
976 141 1202 164 rvrmaoms
1315 128 1399 171 309

177 236 319 277 Natum
351 237 531 278 homines
550 271 560 290 ‚
591 238 707 290 pleno
741 251 837 290 qnae
872 239 983 278 fertis
1015 240 1054 278 in
1087 238 1209 278 ubere
1241 244 1399 292 nectar,

176 296 304 335 Mollia
337 308 435 348 quae
467 296 580 336 nobis
612 303 761 336 vestras
793 297 981 337 velamina
1011 297 1117 336 lanas

177 354 380 394 Praebetis
399 387 410 408 ‚
444 357 597 407 vitaque
629 357 750 407 magis
784 368 899 407 quam
932 362 1058 395 morte
1090 353 1265 395 iuvans?

91 419 157 451 120
179 413 281 458 Quid
312 425 494 453 meruere
525 414 645 453 boves
662 446 675 467 ,
706 414 846 453 animal
878 416 962 454 sine
995 414 1130 454 fraude
1164 414 1363 467 dolisque,

176 471 395 512 Innocuum
412 504 424 525 ,
456 472 620 524 simplex
638 504 650 526 ‚
681 478 815 512 natum
848 473 1015 512 tolerare
1046 471 1236 512 labores?

177 530 386 569 Immemor
418 537 505 582 est,
538 531 641 570 Deus
673 544 745 570 nec
778 532 936 583 frugum
968 544 1132 571 munere
1164 531 1329 585 dignus,

179 588 255 634 Qui
286 590 417 640 potuit
448 591 558 629 curvi
590 589 748 642 dempto
780 591 894 629 modo
928 590 1103 642 pondere
1135 592 1253 629 aratri

177 647 401 686 Ruricolam
433 654 603 687 mactare
637 661 752 688 suum
771 681 782 701 ‚
815 650 882 700 qui
914 651 1005 688 trita
1036 648 1168 688 labore

91 712 156 744 125
177 706 244 744 Illa
263 738 273 758 ,
306 706 449 757 quibus
482 708 626 746 totiens
659 707 803 747 durum
835 714 1091 747 renovaverat
1122 719 1280 759 arvum,

178 764 415 804 Condiderat
447 777 596 805 messes
615 798 626 818 ‚
656 768 855 817 percussit
886 766 982 805 colla
1015 768 1167 806 securi.

177 822 258 862 Nec
291 825 384 862 satis
417 830 505 876 est,
537 824 641 875 quod
675 825 748 864 tale
780 826 889 864 nefas
922 826 1208 864 committitur:
1239 826 1345 877 ipsos

178 881 420 934 inscripsere
453 882 546 921 deos
579 883 748 934 sceleri,
780 896 1005 934 numenque
1038 895 1254 935 supernum

178 940 304 980 Caede
336 940 536 980 laboriferi
562 942 729 981 credunt
760 942 929 993 gaudere
962 943 1139 981 iuvenci.

92 1007 158 1039 130
178 998 342 1038 Victima
373 999 458 1039 labe
491 1012 629 1039 carens
664 1006 702 1039 et
732 1002 1069 1052 praestantissima
1101 1001 1225 1040 forma
1257 1022 1311 1029 —

177 1058 276 1097 Nam
306 1057 500 1110 placuisse
533 1065 650 1098 nocet
688 1081 736 1087 —
770 1061 876 1099 vittis
907 1061 1125 1110 praesignis
1158 1065 1197 1099 et
1229 1071 1321 1098 auro

180 1116 341 1155 Sistitur
373 1123 462 1156 ante
494 1129 610 1169 aras,
641 1117 826 1169 auditque
858 1119 992 1169 ignara
1023 1123 1274 1169 precantem,

179 1174 408 1226 Imponique
441 1187 533 1215 suae
565 1176 670 1215 videt
700 1178 804 1215 inter
835 1188 983 1216 cornua
1015 1177 1135 1215 fronti

180 1233 285 1279 Quas
317 1234 466 1286 coluit,
497 1235 661 1287 fruges,
691 1247 958 1286 percussaque
991 1237 1178 1286 sanguine
1212 1235 1360 1274 cultros

92 1299 158 1331 135
179 1292 306 1331 inficit
335 1294 376 1331 in
407 1292 552 1344 liquida
578 1295 777 1345 praevisos
810 1294 973 1333 forsitan
1006 1293 1131 1332 unda.

178 1350 364 1390 Protinus
397 1357 551 1403 ereptas
581 1353 725 1391 viventi
756 1357 917 1403 pectore
950 1352 1066 1390 fibras
1101 1373 1103 1375 ·

179 1409 428 1462 Inspiciunt‚
459 1416 690 1461 mentesque
722 1410 839 1449 deum
871 1416 1098 1449 scrutantur
1130 1412 1170 1449 in
1202 1410 1300 1450 illis.

104 1489 158 1494 —
179 1467 290 1507 Unde
323 1469 443 1507 fames
475 1469 622 1507 homini
654 1470 865 1508 vetitorum
898 1474 1002 1508 tanta
1021 1466 1043 1507 ‘1’
1074 1469 1254 1508 ciborum
1286 1476 1346 1509 est

179 1526 341 1565 Audetis
374 1528 508 1579 vesci,
540 1539 663 1578 genus
695 1540 717 1565 o
750 1527 913 1566 mortale
933 1525 954 1566 P
987 1527 1093 1578 quod
1111 1559 1123 1580 ,
1155 1540 1248 1580 oro,

94 1593 160 1624 140
180 1584 238 1623 Ne
270 1585 384 1624 facite
403 1617 414 1637 ,
447 1591 487 1624 et
517 1587 676 1624 monitis
709 1587 858 1624 animos
890 1586 1080 1624 advertite
1114 1588 1282 1626 nostris.

181 1643 358 1695 Cumque
390 1643 510 1683 boum
541 1643 682 1683 dabitis
714 1656 918 1683 caesorum
950 1644 1122 1683 membra
1155 1645 1303 1698 palato,

180 1701 364 1741 Mandere
396 1715 464 1742 vos
497 1708 649 1742 vestros
682 1704 779 1742 scite
812 1708 851 1741 et
883 1704 1026 1742 sentite
1054 1703 1236 1743 colonos.

180 1759 232 1800 Et
256 1762 439 1812 quoniam
471 1761 568 1800 deus
606 1773 674 1799 ora
706 1767 864 1813 movet,
896 1773 1038 1812 sequar
1076 1773 1143 1800 ora
1182 1767 1402 1802 moventem

181 1819 268 1858 Rite
301 1819 446 1872 deum,
479 1819 725 1871 Delphosque
758 1831 866 1859 meos
897 1821 1105 1871 ipsumque
1132 1820 1330 1860 recludam

96 1887 160 1918 145
182 1878 351 1917 Aethera
383 1884 423 1917 et
455 1883 641 1930 augustae
674 1877 858 1917 reserabo
892 1879 1047 1917 oracula
1079 1881 1244 1918 mentis.

180 1935 316 1988 Magna
335 1968 346 1989 ,
378 1949 450 1976 nec
481 1939 648 1988 ingeniis
681 1938 889 1988 evestigata
919 1939 1120 1990 priorum,

182 1994 368 2047 Quaeque
400 1996 465 2034 diu
498 1995 647 2034 latuere
666 2028 676 2048 ‚
709 2007 872 2035 canam.
910 1997 1016 2034 iuvat
1046 1997 1104 2034 ire
1135 2009 1206 2048 per
1238 1997 1312 2036 alta

181 2053 324 2107 Astra3
356 2056 461 2093 iuvat
492 2056 608 2093 terris
640 2060 680 2094 et
710 2055 828 2093 inerti
860 2053 951 2092 sede
984 2054 1119 2093 relicta

180 2112 293 2152 Nube
325 2113 442 2166 vehi,
474 2112 666 2164 validique
699 2114 846 2151 umeris
878 2113 1061 2152 insistere
1095 2113 1282 2167 Atlantis,

96 2180 162 2211 150
182 2170 440 2223 Palantesque
466 2171 643 2210 homines
675 2173 820 2223 passim
852 2182 896 2210 ac
928 2172 1090 2210 rationis
1123 2180 1282 2224 egentes

182 2229 418 2281 Despectare
456 2230 623 2282 procul,
656 2230 909 2282 trepidosque
948 2229 1178 2282 obitumque
1215 2234 1399 2272 timentes

184 2288 248 2327 Sic
279 2289 507 2341 exhortari,
539 2290 760 2340 seriemque
794 2288 970 2328 evolvere
1004 2288 1094 2330 fati.

183 2346 214 2385 Ο
247 2359 372 2399 genus
404 2349 612 2387 attonitum
643 2348 791 2400 gelidae
824 2347 1031 2387 formidine
1063 2349 1223 2390 mortis!
