1554 2563
101 147 177 187 [08
328 159 487 182 ARAcmm
641 145 856 181 METAMM
871 172 878 180 .

211 256 430 296 profecisse
461 261 577 307 putes
595 287 607 308 ,
638 255 773 296 eadem
805 262 866 295 est
896 257 1090 296 sententia
1121 254 1255 295 nobis.

211 315 290 354 Cur
322 326 400 353 non
430 315 514 366 ipsa
545 316 652 354 venit
670 312 692 354 Ῥ
724 327 794 354 cur
825 314 920 353 haec
953 315 1164 354 certamina
1195 316 1289 354 vitat
1306 311 1343 353 ?’

210 373 312 412 Tum
343 372 414 412 dea
445 369 567 412 ‘venit
586 369 611 412 !'
643 374 726 426 ait,
757 373 1000 424 formamque
1032 374 1198 412 removit
1228 372 1394 425 anilem,

211 431 442 483 Palladaque
475 430 653 471 exhibuit
671 463 680 471 .
717 437 955 471 venerantur
986 432 1146 471 numina
1176 431 1366 483 nymphae

147 498 189 528 45
211 489 543 541 Mygdonidesque
574 502 728 530 nurus.
766 490 847 529 sola
878 495 939 529 est
969 501 1049 529 non
1079 491 1217 529 territa
1248 491 1380 542 virgo,

213 549 289 588 Sed
322 554 452 588 tamen
485 548 670 602 exsiluit,
702 548 935 599 suh-itusque
967 549 1087 588 invita
1118 550 1270 588 notavit

212 607 289 646 Ora
320 606 443 646 rubor
461 639 472 660 ‚
503 619 722 659 rursusque
756 609 941 647 evanuit:
972 612 1018 646 ut
1047 606 1148 646 solet
1178 610 1245 646 aer

210 666 440 717 Purpureus
471 666 557 706 fieri
575 697 587 719 ,
617 678 707 705 cum
738 667 910 718 primum
941 677 1083 705 aurora
1114 670 1316 718 movetur,

211 724 260 763 Et
290 724 408 764 breve
439 730 530 776 post
560 730 715 777 tempus
747 724 982 763 candescere
1015 723 1108 763 solis
1139 723 1186 763 ab
1218 729 1332 764 ortu.

148 789 190 821 50
209 783 365 823 Perstat
395 784 435 822 in
467 785 625 835 incepto
644 814 655 836 ‚
687 782 927 834 stolidaeque
960 782 1142 834 cupidine
1174 781 1324 834 palmae

210 842 254 880 ln
286 854 356 882 sua
388 841 465 881 fata
495 843 578 881 ruit
596 873 605 882 .
643 853 770 893 neque
803 843 908 881 enim
938 840 1027 880 Iove
1059 846 1148 880 nata
1178 847 1337 880 recusat

211 900 292 939 Nec
323 905 457 940 monet
487 899 655 940 ulterius
686 912 759 939 nec
791 901 867 939 iam
899 901 1112 939 certamina
1143 899 1295 939 differt.

210 958 321 998 Haud
353 970 462 998 mora
479 990 491 1012 ‚
523 960 770 998 constituunt
795 958 958 998 diversis
990 957 1166 1010 partibus
1199 957 1331 997 ambae

211 1017 260 1056 Et
291 1017 426 1069 gracili
457 1019 631 1069 geminas
663 1017 874 1057 intendunt
905 1018 1069 1056 stamine
1101 1016 1220 1057 telas,

148 1083 189 1114 55
210 1075 303 1114 Tela
334 1078 424 1127 iugo
457 1077 585 1115 vincta
617 1083 706 1128 est,
739 1082 890 1115 stamen
923 1076 1095 1115 secernit
1124 1075 1327 1128 harundo,

211 1135 403 1174 Inseritur
433 1135 606 1174 medium
638 1134 755 1174 radiis
788 1134 995 1174 subtemen
1027 1135 1175 1186 acutis,

211 1193 323 1239 Quod
355 1192 465 1244 digiti
497 1192 737 1246 expediunt,
769 1199 885 1244 atque
916 1194 1020 1232 inter
1052 1194 1215 1232 stamina
1247 1192 1409 1233 ductum

208 1251 403 1290 Percusso
435 1252 583 1291 feriunt
613 1253 752 1291 insecti
783 1253 939 1303 pectine
971 1252 1132 1291 dentes.

210 1309 383 1361 Utraque
415 1310 601 1350 festinant
632 1311 861 1361 cinctaeque
893 1310 940 1349 ad
971 1315 1130 1362 pectora
1162 1316 1290 1350 vestes

146 1376 189 1408 60
210 1368 398 1407 Bracchia
430 1368 543 1407 docta
574 1375 761 1421 movent,
792 1368 921 1408 studio
956 1368 1111 1408 fallente
1143 1368 1339 1408 laborem.

209 1426 291 1466 Illic
322 1433 362 1466 et
392 1426 554 1478 Tyrium
587 1439 686 1478 quae
716 1439 893 1479 purpura
924 1428 1049 1466 sensit
1080 1430 1220 1467 aenum

209 1485 402 1537 Texitur,
434 1491 474 1524 et
506 1491 643 1525 tenues
675 1487 784 1536 parvi
815 1485 1053 1525 discriminis
1085 1485 1271 1537 umbrae;

210 1543 344 1590 Qualis
376 1543 423 1583 ab
456 1544 581 1583 imbre
614 1544 714 1583 solet
744 1545 944 1596 percussis
976 1543 1124 1583 solibus
1157 1556 1271 1584 arcus

209 1602 371 1642 lnficere
405 1604 555 1654 ingenti
586 1602 746 1654 longum
778 1604 1002 1642 curvamine
1035 1602 1210 1642 caelum:

146 1661 252 1700 551n
285 1673 362 1713 quo
395 1661 539 1701 diversi
570 1662 719 1700 niteant
751 1673 841 1700 c-um
872 1661 976 1701 mille
1009 1661 1185 1715 colores,

208 1718 414 1759 Transitus
446 1722 530 1771 ipse
563 1725 692 1759 tamen
725 1721 940 1771 spectantia
971 1719 1116 1759 lumina
1148 1719 1269 1760 fallit:

207 1777 340 1830 Usque
372 1778 467 1817 adeo
499 1777 604 1830 quod
640 1779 764 1829 tangit
794 1778 897 1817 idem
929 1784 1017 1831 est3
1049 1784 1178 1819 tamen
1209 1778 1343 1818 ultima

1263 1837 1429 1877 distant.

208 1895 290 1935 illic
321 1901 362 1934 et
391 1895 541 1934 lentum
573 1894 647 1934 filis
678 1896 890 1935 inmittitur
922 1907 1084 1948 aurum,

208 1953 258 1993 Et
289 1958 400 1993 vetus
431 1955 472 1992 in
504 1953 580 1993 tela
611 1953 819 1993 deducitur
851 1960 1147 2005 argumentum.

146 2020 188 2052 70
209 2012 397 2064 Cecropia
428 2011 552 2051 Pallas
585 2012 790 2064 scopulum
820 2012 1003 2052 Mavortis
1034 2014 1074 2052 in
1106 2025 1196 2052 arce

208 2070 340 2122 Pingit
370 2076 410 2110 et
440 2072 640 2122 antiquam
673 2070 720 2109 de
753 2076 882 2110 terrae
914 2072 1072 2110 nomine
1103 2071 1235 2111 litem.

208 2129 272 2168 Bis
305 2140 373 2168 sex
405 2128 594 2168 caelestes
625 2129 753 2168 medio
786 2128 874 2168 Iove
906 2128 1065 2169 sedibus
1097 2130 1183 2170 altis

207 2187 382 2238 Augusta
412 2189 599 2238 gravitate
631 2187 797 2227 sedent.
835 2199 905 2227 sua
937 2199 1132 2239 quemque
1164 2188 1327 2228 deorum

207 2245 392 2284 Inscribit
423 2246 542 2285 facies
562 2277 571 2285 .
603 2245 704 2285 lovis
735 2251 796 2285 est
826 2245 967 2297 regalis
998 2247 1148 2298 imago,

144 2310 186 2343 ¹15
208 2303 320 2343 Stare
353 2304 470 2343 deum
501 2303 628 2356 pelagi
659 2303 854 2355 longoque
885 2305 1004 2344 ferire
1035 2305 1205 2344 tridente

207 2362 353 2415 Aspera
385 2373 475 2401 saxa
506 2363 628 2416 facit,
659 2362 866 2415 medioque
898 2374 919 2402 e
950 2362 1111 2403 vulnere
1143 2364 1225 2402 saxi
