1554 2563
166 78 254 122 270
385 91 583 114 romnonus
720 77 934 113 METAMM
949 105 957 113 .

287 189 524 240 Contingent
554 187 671 227 ssetus
701 189 1010 240 peregrinaeque
1043 188 1206 228 haustus
1238 188 1430 228 harenae.

286 247 423 287 Omnia
455 246 727 299 perdidimus:
758 252 968 299 superest,
1000 259 1072 286 cur
1103 249 1231 287 vivere
1265 253 1418 300 tempus

285 306 330 345 In
362 305 479 345 breve
513 307 727 345 sustineam
746 337 756 357 ,
787 304 918 357 proles
948 306 1169 357 gratissima
1200 308 1337 358 matri,

286 364 400 404 Nunc
432 364 567 417 solus,
599 364 795 416 quondam
826 365 1011 403 minimus
1044 364 1090 404 de
1123 366 1246 416 stirpe
1277 365 1401 417 virili,

200 432 268 464 530
287 422 365 462 Has
392 423 505 463 datus
537 423 697 462 Ismario
730 424 813 474 regi
844 422 1062 474 Polydorus
1093 424 1135 462 in
1166 435 1278 462 oras.

288 481 390 528 Quid
422 493 555 521 moror
586 483 737 521 interea
769 481 942 520 crudelia
974 481 1135 521 vulnera
1166 481 1332 533 lymphis

287 541 457 580 Abluere
490 546 529 580 et
560 553 715 592 sparsos
748 541 876 579 inmiti
908 541 1097 592 sanguine
1129 540 1258 580 vultus
1272 537 1309 580 ‘?'

287 599 420 653 Dixit,
453 605 491 639 et
521 599 568 638 ad
600 599 691 638 litus
723 611 841 651 passu
871 600 1066 651 processit
1096 599 1210 652 anili,

288 658 472 697 Albentes
505 658 672 697 lacerata
705 670 863 697 comas.
903 654 1006 697 edate
1025 689 1036 710 ,
1067 657 1241 696 Troades
1259 689 1270 710 ‚
1301 654 1457 697 urnam'

201 724 268 757 535
289 716 448 757 Dixerat
478 717 613 756 infelix
631 749 642 769 ‚
673 716 839 767 liquidas
871 716 1047 756 hauriret
1078 722 1123 756 ut
1153 717 1300 756 undas:

289 777 438 827 Aspicit
470 777 639 815 eiectum
670 775 852 826 Polydori
882 776 923 814 in
955 775 1069 813 litore
1102 787 1270 827 corpus,

289 835 483 885 Factaque
516 834 709 873 Threiciis
740 835 914 885 ingentia
944 833 1105 873 vulnera
1137 833 1246 873 telis.

288 893 461 933 Troades
493 893 736 932 exclamant.
775 892 971 931 obmutuit
1001 892 1064 931 illa
1097 892 1254 945 dolore,

289 951 339 991 Et
368 954 516 1004 pariter
548 964 663 991 voces
695 952 952 1002 lacrimasque
984 953 1181 990 introrsus
1213 951 1371 991 obortas

202 1019 269 1051 540
290 1011 458 1050 Devorat
488 1013 571 1062 ipse
604 1010 743 1050 dolor:
776 1010 954 1061 duroque
988 1009 1182 1049 simillima
1214 1022 1305 1049 saxo

289 1070 466 1122 Torpet,
498 1075 538 1108 et
568 1069 729 1108 adversa
760 1069 843 1120 figit
874 1068 988 1108 modo
1022 1068 1167 1107 lumina
1201 1074 1329 1122 terra,

290 1128 492 1167 Interdum
524 1134 655 1167 torvos
688 1128 859 1167 sustollit
889 1128 936 1166 ad
969 1127 1127 1166 aethera
1159 1127 1312 1180 vultus,

290 1187 403 1226 Nunc
435 1188 552 1238 positi
585 1192 736 1237 spectat
767 1186 945 1238 vultum,
980 1198 1085 1225 nuuc
1116 1186 1277 1225 vulnera
1309 1188 1412 1239 nati,

290 1245 459 1284 Vulnera
490 1247 730 1297 praecipue3
763 1256 883 1296 seque
916 1250 1039 1283 armat
1071 1251 1110 1283 et
1140 1246 1302 1283 instruit
1332 1246 1412 1284 ira.

203 1311 269 1343 545
291 1304 376 1350 Qua
408 1303 523 1342 simul
554 1305 725 1355 exarsit,
757 1308 954 1354 tamquam
985 1304 1119 1354 regina
1150 1309 1350 1355 maneret,

290 1362 436 1402 Ulcisci
467 1363 603 1401 statuit
634 1374 863 1413 poenaeque
894 1363 934 1400 in
967 1362 1134 1412 imagine
1167 1367 1247 1400 tota
1279 1367 1360 1400 est.

291 1420 420 1472 thue
452 1421 548 1460 furit
579 1420 706 1460 catulo
739 1420 907 1459 lactente
939 1419 1073 1458 orbata
1104 1419 1260 1472 leaena,

293 1479 489 1531 Signaque
522 1485 634 1518 nacta
664 1478 809 1531 pedum
841 1479 1049 1530 sequitur,
1081 1490 1198 1529 quem
1230 1491 1308 1517 non
1340 1479 1466 1532 videt,

1337 1538 1512 1591 hostem,

293 1596 377 1647 [Sic
409 1596 568 1636 Hecuba
588 1628 599 1649 ,
630 1602 838 1648 postquam
864 1608 953 1635 cum
980 1595 1089 1635 luctu
1122 1597 1280 1636 miscuit
1310 1597 1433 1650 iram,
1547 1601 1550 1607 “

204 1663 272 1695 550
291 1655 378 1694 Non
411 1655 529 1695 oblita
560 1657 808 1707 animorum,
840 1667 1033 1693 annorum
1065 1654 1184 1694 oblita
1215 1667 1377 1694 suorum
1390 1654 1419 1707 ,]

292 1713 404 1753 Vadit
436 1714 483 1753 ad
515 1714 705 1753 artificem
736 1713 842 1752 dirae
862 1744 873 1765 ,
904 1713 1173 1764 Polymestora
1190 1745 1202 1766 ‚
1234 1714 1386 1765 caedis,

293 1771 617 1823 Colloquiumque
648 1773 776 1824 petit:
807 1783 896 1810 nam
928 1784 969 1810 se
1003 1778 1221 1811 monstrare
1252 1771 1434 1811 relictum

292 1829 399 1870 Velle
431 1831 555 1870 latens
587 1830 672 1883 illi,
703 1830 806 1882 quod
840 1835 928 1868 nato
961 1829 1174 1883 redderet,
1206 1841 1367 1869 aurum.

294 1889 467 1928 Credidit
499 1889 717 1942 Odrysius,
748 1888 993 1940 praedaeque
1026 1894 1205 1928 assuetus
1237 1901 1368 1927 amore

205 1954 273 1987 555
293 1947 337 1986 In
370 1953 522 1987 secreta
553 1949 687 1986 venit.
726 1952 809 1986 tum
841 1946 981 1985 blando
1014 1947 1176 1986 callidus
1208 1959 1276 1985 ore

295 2003 419 2045 ‘Tolle
451 2018 580 2046 moras
598 2037 609 2058 ‚
640 2004 798 2044 Hecuba
817 2037 829 2058 ‚
861 2002 913 2044 et'
946 2005 1043 2044 dixit
1074 2002 1136 2044 ‘da
1168 2017 1330 2044 munera
1361 2011 1474 2046 nato.

295 2064 418 2104 Omne
450 2065 534 2103 sore
566 2063 670 2103 illius
703 2063 806 2115 quod
839 2063 935 2116 das,
967 2063 1071 2114 quod
1103 2069 1142 2102 et
1173 2070 1262 2103 ante
1294 2063 1459 2117 dedisti,

294 2122 371 2162 Per
403 2135 568 2175 superos
599 2124 686 2162 iuro
707 2119 732 2162 .’
770 2127 921 2174 spectat
951 2121 1174 2161 truculenta
1204 2121 1429 2173 loquentem

294 2181 484 2233 Falsaque
515 2183 710 2220 iurantem
729 2212 740 2233 ,
771 2179 997 2231 tumidaque
1030 2186 1231 2219 exaestuat
1261 2182 1341 2232 ira,

208 2247 276 2279 560
296 2240 424 2290 Atque
455 2241 507 2279 ita
539 2244 723 2291 correpto
755 2240 995 2290 captivarum
1025 2240 1176 2290 agmina
1208 2245 1377 2278 matrum

295 2297 482 2350 Invocat,
515 2303 553 2337 et
585 2297 727 2349 digitos
753 2298 793 2336 in
824 2296 971 2350 perfida
1003 2296 1149 2336 lumina
1181 2297 1337 2350 condit,
