1554 2563
596 92 646 127 VI
661 119 670 136 ,
696 96 882 128 483—552
897 119 905 127 .
1024 104 1220 127 mmmmm
1342 93 1418 133 121

199 203 312 243 Nulla
343 203 433 254 suga
465 208 525 242 est
556 208 669 254 capto
689 234 700 255 ,
732 208 884 254 spectat
915 214 985 242 sua
1015 203 1187 254 praemia
1218 207 1376 253 raptor.

201 262 358 313 Iamque
390 263 466 301 iter
497 262 680 301 effectum
699 293 710 314 ,
742 263 895 312 iamque
928 262 968 300 in
1000 273 1069 300 sua
1100 261 1214 300 litora
1246 261 1360 300 sessis

114 329 180 360 520
200 320 403 373 Puppibus
435 321 639 372 exierant,
672 332 761 359 cum
793 332 862 359 rex
894 319 1093 359 Pandione
1124 325 1254 359 natam

200 380 244 418 ln
277 378 427 419 stabula
459 379 534 418 alta
566 378 686 418 trahit
716 379 822 418 silvis
854 378 1022 418 obscura
1054 380 1242 431 vetustis,

201 440 327 489 Atque
359 436 414 476 ibi
444 437 654 489 pallentem
688 437 958 489 trepidamque
991 443 1030 476 et
1062 443 1201 477 cuncta
1222 438 1424 476 timentem

201 497 251 536 Et
281 498 357 535 iam
390 508 479 536 cum
510 496 681 535 lacrimis
700 529 711 549 ‚
743 496 811 535 ubi
843 498 894 536 sit
925 508 1107 547 germana
1127 528 1138 548 ‚
1170 503 1397 548 rogantem,

201 555 398 607 Includit,
431 555 637 606 fassusque
670 555 779 594 nefas
811 561 850 594 et
881 556 1071 606 virginem
1104 561 1143 594 et
1174 566 1291 594 unam

115 621 181 653 525
203 613 246 653 Vi
278 620 468 666 superat,
500 614 646 653 frustra
678 614 841 653 clamato
874 626 990 665 saepe
1022 620 1209 666 parente,

203 673 327 725 Saepe
359 684 495 711 sorore
528 684 627 724 sua,
659 674 809 724 magnis
840 684 961 724 super
993 674 1122 711 omnia
1153 672 1273 711 divis.

202 731 269 770 Illa
301 733 463 783 tremit,
495 731 600 770 velut
632 743 727 782 agna
759 743 903 783 pavens
922 763 933 784 ,
965 743 1063 782 quae
1097 733 1226 770 saucia
1260 732 1345 770 cani

203 790 281 829 Ore
314 802 477 829 excussa
508 789 591 841 lupi
622 790 797 829 nondum
829 789 903 829 sibi
936 795 1018 829 tuta
1050 790 1228 842 videtur3

202 848 330 900 thue
364 847 542 887 columba
573 861 644 887 suo
677 848 905 888 madefactis
936 850 1124 900 sanguine
1156 848 1298 900 plumis

117 916 185 948 530
204 906 351 946 Horret
382 906 508 946 adhuc
528 939 538 959 ,
570 906 780 959 avidosque
813 908 953 960 timet,
986 906 1128 958 quibus
1161 907 1364 960 haeserat,

1255 977 1429 1018 ungues.

204 1025 291 1065 Mox
324 1024 392 1065 ubi
424 1036 535 1064 mens
567 1025 713 1078 rediit,
744 1037 879 1077 passos
911 1024 1051 1064 laniata
1084 1024 1265 1077 capillos,

206 1083 393 1136 [Lugenti
425 1084 561 1123 similis
580 1116 591 1137 ‚
624 1085 747 1123 eaesis
780 1083 965 1135 plangore
997 1083 1155 1122 lacertis
1170 1082 1199 1135 ‚]

204 1142 416 1182 intendens
447 1142 594 1194 palmas
627 1139 664 1181 εο
697 1142 792 1181 diris
824 1142 990 1181 barbare
1023 1141 1159 1181 factis!

206 1201 237 1241 Ο
270 1201 440 1241 crudelis
460 1198 485 1240 2'
518 1203 570 1240 ait
602 1198 690 1240 ‘nec
722 1207 761 1240 te
793 1201 972 1241 mandata
1002 1202 1177 1253 parentis

119 1268 185 1300 535
207 1260 303 1299 Cum
335 1260 506 1300 lacrimis
538 1271 695 1299 movere
726 1261 831 1312 piis,
863 1272 936 1299 nec
968 1272 1062 1299 cura
1095 1260 1242 1298 sororis

206 1319 287 1358 Nec
319 1330 403 1358 mea
435 1320 636 1370 virginitas
668 1331 741 1358 nec
773 1318 1005 1369 coniugialia
1036 1316 1156 1357 iura?

207 1377 345 1417 Omnia
377 1376 572 1416 turbasti.
612 1376 744 1428 [pelex
777 1389 848 1429 ego
881 1378 980 1417 facta
1012 1378 1184 1429 sororiS,

207 1436 267 1476 Tu
300 1437 480 1487 geminus
512 1437 712 1475 coniunx.
750 1436 874 1475 hostis
905 1436 999 1475 mihi
1032 1435 1161 1475 debita
1194 1447 1318 1487 poena
1333 1433 1360 1484 .]

209 1495 312 1541 Quin
351 1496 518 1534 animam
555 1494 684 1547 hanc,
715 1506 765 1533 ne
798 1494 901 1545 quod
941 1495 1091 1533 facinus
1130 1493 1229 1546 tibi,
1260 1492 1433 1546 perfide,

1074 1559 1221 1605 restet,

122 1621 189 1653 ‘240
208 1611 338 1664 Eripis
358 1609 380 1651 ἰ)
411 1618 527 1664 atque
559 1613 709 1652 utinam
740 1612 903 1651 fecisses
935 1617 1023 1650 ante
1056 1610 1244 1650 nefandos

209 1670 480 1710 Concubitus!
513 1682 652 1710 vacuas
685 1669 909 1710 habuissem
942 1671 1118 1709 criminis
1150 1669 1331 1709 umbras.

210 1729 250 1769 Si
283 1736 413 1769 tamen
445 1729 541 1769 haec
572 1730 707 1781 superi
738 1735 936 1782 cernunt,
967 1730 1003 1768 si
1033 1730 1192 1768 numina
1224 1728 1355 1767 divum

212 1788 313 1827 Sunt
344 1788 486 1839 aliquid
507 1820 518 1841 ,
550 1789 582 1827 si
614 1800 692 1827 non
724 1789 930 1839 perierunt
960 1789 1088 1826 omnia
1121 1799 1298 1837 mecum,

212 1846 545 1898 Quandocumque
577 1846 671 1886 mihi
704 1858 850 1898 poenas
882 1845 991 1885 dabis
1011 1876 1020 1885 .
1058 1848 1141 1897 ipsa
1173 1845 1322 1896 pudore

124 1914 188 1945 545
210 1905 390 1945 Proiecto
424 1912 488 1944 tua
519 1906 620 1944 sacta
652 1905 811 1956 loquar.
851 1906 883 1943 si
916 1906 1027 1956 copia
1059 1904 1198 1956 detur,

210 1964 253 2003 In
284 1963 450 2015 populos
482 1965 662 2003 veniam:
693 1965 727 2002 si
758 1963 864 2002 silvis
896 1962 1026 2002 clausa
1058 1961 1247 2014 tenebor,

214 2022 388 2074 lmplebo
421 2021 565 2074 silvas,
596 2029 637 2061 et
668 2023 824 2061 conscia
856 2033 946 2060 saxa
978 2020 1164 2060 movebo.

212 2081 352 2120 Audiat
381 2080 477 2120 haec
509 2080 673 2133 aether,
704 2086 744 2119 et
773 2081 806 2119 si
839 2079 935 2119 deus
967 2079 1070 2119 ullus
1102 2080 1142 2118 in
1174 2078 1238 2117 illo
1271 2075 1370 2118 est.’

211 2138 370 2178 Talibus
401 2141 459 2178 ira
490 2139 564 2178 feri
595 2145 803 2191 postquam
836 2144 1027 2177 commota
1059 2138 1236 2190 tyranni,

125 2205 191 2236 550
212 2197 292 2237 Nec
324 2199 452 2237 minor
483 2197 555 2237 hac
586 2203 714 2237 metus
746 2203 836 2250 est,
868 2208 983 2236 causa
1015 2195 1237 2235 stimulatus
1269 2201 1435 2247 utraque

214 2255 299 2302 Quo
326 2256 401 2295 fuit
432 2257 632 2296 accinctus
651 2287 663 2308 ,
694 2257 829 2307 vagina
862 2254 1002 2294 liberat
1033 2267 1191 2306 ensem,

212 2316 495 2368 Arreptamque
527 2326 638 2354 coma
669 2314 778 2354 flexis
811 2319 899 2366 post
930 2319 1038 2365 terga
1070 2314 1225 2352 lacertis
