1554 2563
86 95 142 136 60
302 108 478 131 remur-:ue
638 94 853 130 METAMM
868 123 876 131 .

202 205 443 244 planxerunt
474 204 667 256 dryades:
699 205 973 257 plangentibus
1005 212 1160 246 assonat
1192 206 1321 246 Echo.

203 263 359 314 Iamque
379 275 519 314 rogum
539 275 777 315 quassasque
798 264 903 304 faces
922 265 1191 316 feretrumque
1210 265 1424 317 parabant:

202 322 403 373 Nusquam
435 334 578 374 corpus
611 328 722 362 erat.
760 334 944 362 croceum
982 335 1054 375 pro
1087 336 1253 376 corpore
1286 325 1423 364 florem

115 387 182 420 510
201 380 410 420 inveniunt
440 380 541 420 foliis
573 381 745 421 medium
776 381 1025 432 cingentibus
1057 381 1176 422 albis.
1270 391 1424 418 Lami·
1464 388 1469 392 '

259 438 422 490 Cognita
453 451 516 479 res
548 441 728 479 meritam
758 442 835 479 vati
865 452 937 492 per
968 440 1155 480 Achaidas
1187 440 1306 480 urbes

201 496 404 537 Adtulerat
434 498 575 537 samam
592 530 604 551 ,
635 510 856 550 nomenque
888 504 973 538 erat
1003 500 1162 550 auguris
1194 501 1355 551 ingenst

204 555 364 607 Spernit
394 555 631 596 Echionides
663 563 793 596 tamen
824 557 930 597 hunc
961 569 1009 597 ex
1041 557 1223 597 omnibus
1255 570 1359 597 unus

203 613 457 666 contemptor
489 627 677 668 superum
707 615 906 655 Pentheus
925 648 936 668 ‚
967 628 1231 668 praesagaque
1264 615 1367 655 ridet

115 680 181 712 515
201 672 329 712 Verba
361 675 494 727 senis,
526 674 788 725 tenebrasque
820 680 860 714 et
896 674 1045 714 cladem
1085 675 1183 714 lucis
1221 675 1422 726 ademptae

203 731 358 771 Obicit.
396 732 461 772 ille
494 744 654 772 movens
686 732 854 772 albentia
885 738 1063 785 tempora
1094 735 1201 773 canis

203 788 345 837 ‘Quam
375 791 467 830 felix
499 803 606 830 esses
624 823 636 844 ‚
667 793 701 830 si
731 797 774 831 tu
801 803 957 843 quoque
988 792 1146 832 luminis
1178 792 1295 831 huius

202 846 347 888 Orbus'
379 851 432 889 ait
458 847 588 889 ‘fieres
605 881 617 902 ‚
648 861 697 889 ue
729 849 917 889 Bacchica
948 862 1059 890 sacra
1089 850 1265 890 videres!

201 908 378 959 Namque
410 908 492 947 dies
524 908 678 960 aderit,
711 921 826 960 quam
846 921 924 948 non
945 909 1083 960 procul
1110 921 1281 961 auguror
1314 920 1424 960 esse,

115 974 183 1006 520
204 967 288 1012 Qua
320 978 444 1006 novus
476 967 554 1006 huc
587 969 743 1020 veniat,
775 967 905 1018 proles
939 967 1129 1007 Semeleia
1148 999 1159 1021 ‚
1189 967 1326 1019 Liber,

204 1025 329 1070 Quem
360 1026 437 1064 nisi
468 1025 705 1077 templorum
737 1026 859 1065 fueris
891 1025 1072 1077 dignatus
1103 1026 1277 1079 honore,

202 1083 305 1123 Mille
335 1083 440 1123 lacer
471 1096 656 1135 spargere
687 1083 783 1123 locis
801 1116 812 1137 ,
844 1090 884 1123 et
914 1085 1103 1136 sanguine
1134 1084 1249 1124 silvas

202 1141 394 1181 Foedabis
425 1148 669 1193 matremque
702 1148 807 1181 tuam
840 1144 1053 1194 matrisque
1086 1155 1266 1183 sorores.

202 1199 394 1240 Eveniet!
425 1213 554 1252 neque
587 1202 691 1240 enim
722 1200 933 1253 dignabere
966 1213 1112 1241 numen
1144 1202 1318 1255 honore,

115 1267 182 1298 525
202 1259 341 1310 Meque
374 1259 446 1298 sub
479 1260 539 1299 his
570 1259 744 1299 tenebris
776 1261 940 1299 nimium
971 1259 1114 1299 vidisse
1146 1262 1326 1313 quereris
1340 1257 1365 1299 .'

202 1317 307 1356 Talia
339 1317 535 1357 dicentem
565 1317 772 1369 proturbat
802 1317 975 1357 Echione
1008 1324 1146 1358 natus,

202 1375 312 1415 Dicta
344 1376 440 1415 fides
472 1378 681 1429 sequitur,
712 1389 980 1428 responsaque
1011 1379 1108 1416 vatis
1141 1384 1310 1429 aguntur

201 1433 319 1473 Liber
350 1434 489 1487 adest,
520 1435 709 1486 festisque
736 1436 910 1475 fremunt
940 1435 1153 1475 ululatibus
1185 1438 1288 1487 agri:

201 1492 333 1532 Turba
364 1494 474 1546 ruit,
505 1495 726 1544 mixtaeque
756 1495 851 1533 viris
878 1500 1100 1545 matresque
1132 1506 1335 1546 nurusque

114 1559 181 1591 530
201 1550 427 1603 vulgusque
458 1564 725 1604 proceresque
756 1553 887 1603 ignota
919 1552 965 1591 ad
997 1565 1107 1591 sacra
1139 1553 1346 1592 seruntur.

203 1607 315 1656 ‘Quis
347 1611 488 1663 furor,
519 1612 760 1662 anguigenae
779 1642 790 1664 ,
820 1611 952 1662 proles
984 1611 1169 1651 Mavortia
1187 1643 1198 1663 ‚
1230 1617 1379 1651 vestras

202 1669 381 1708 Atto-nuit
411 1675 562 1708 mentes
581 1666 618 1708 P'
649 1669 850 1708 Pentheus
882 1671 936 1708 ait
967 1667 1122 1709 ‘aerane
1154 1675 1305 1709 tantum

201 1728 300 1766 Aere
334 1727 489 1778 repulsa
519 1728 649 1767 valent
679 1733 719 1767 et
750 1728 901 1767 adunco
933 1728 1027 1767 tibia
1059 1740 1181 1767 cornu

201 1785 251 1825 Et
281 1787 453 1836 magicae
485 1786 642 1826 fraudes
661 1817 672 1839 ,
703 1792 748 1825 ut
779 1798 877 1837 quos
910 1798 988 1825 non
1019 1785 1184 1826 bellicus
1217 1788 1346 1839 ensis,

113 1851 180 1883 535
200 1843 286 1883 Non
317 1843 411 1883 tuba
442 1846 659 1895 terruerit,
690 1856 769 1883 non
801 1846 949 1884 strictis
982 1846 1131 1896 agmina
1165 1845 1276 1898 telis,

201 1902 407 1941 Femineae
440 1914 554 1941 voces
587 1909 626 1942 et
657 1908 761 1941 mota
792 1904 940 1942 insania
973 1905 1063 1942 vino

201 1960 449 2012 Obscenique
481 1973 621 2013 greges
652 1967 692 2000 et
721 1962 850 2000 inania
882 1968 1061 2013 tympana
1093 1960 1283 2001 vincant?

201 2019 328 2059 Vosne
347 2051 358 2071 ,
389 2031 504 2059 senes
523 2051 534 2072 ‚
566 2021 714 2072 mirer,
748 2021 815 2071 qui
846 2020 967 2070 longa,
990 2032 1061 2072 per
1093 2033 1261 2073 aequora
1293 2021 1393 2060 vecti

200 2077 281 2117 Hac
313 2077 474 2131 Tyron,
505 2078 577 2117 hac
608 2079 797 2130 profugos
827 2080 1015 2130 posuistis
1048 2079 1140 2119 sede
1172 2079 1363 2132 Penates,

114 2144 180 2176 540
200 2136 314 2175 Nunc
346 2137 474 2176 sinitis
506 2138 590 2176 sine
621 2136 744 2177 Marte
776 2134 902 2189 capi?
933 2149 1052 2176 vosne
1071 2169 1083 2190 ‚
1115 2139 1243 2177 acrior
1275 2144 1404 2188 aetas,

199 2194 232 2234 Ο
264 2196 425 2234 iuvenes
442 2227 454 2248 ,
484 2196 724 2247 propiorque
744 2206 852 2234 meae
871 2226 882 2248 ‚
914 2207 1012 2246 quos
1043 2208 1149 2235 arma
1182 2203 1339 2249 tenere,

199 2252 285 2292 Non
316 2252 473 2304 thyrsos
491 2285 503 2307 ‚
534 2253 718 2305 galeaque
751 2255 858 2306 tegi,
890 2265 969 2293 non
1001 2254 1169 2308 fronde,
1195 2251 1393 2294 decebat?

199 2310 292 2350 Este
311 2343 322 2362 ‚
353 2323 495 2362 precor
513 2343 524 2365 ‚
556 2324 750 2351 memores
769 2344 780 2365 ‚
813 2323 888 2364 qua
920 2313 1006 2352 sitis
1032 2314 1155 2365 stirpe
1188 2314 1333 2365 creati,
