1554 2563
120 127 207 170 214
325 141 539 164 mrroumms
670 127 885 163 METAMM
899 156 906 164 .

236 238 507 290 Hippomenen
531 238 616 278 adii
633 270 645 292 ,
677 238 872 290 docuique
891 270 902 291 ,
934 239 1022 290 quis
1052 250 1149 278 usus
1179 240 1219 277 in
1250 238 1347 278 illis.

238 297 356 348 Signa
387 295 503 337 tubae
536 297 753 350 dederant,
785 310 874 336 cum
905 309 1064 337 carcere
1095 309 1244 349 pronus
1275 303 1441 349 uterque

237 355 417 409 Emicat,
448 361 488 396 et
519 368 709 396 summam
741 356 860 396 celeri
890 356 990 408 pede
1022 355 1116 395 libat
1146 356 1353 396 harenam.

235 414 357 454 Posse
388 420 505 467 putes
537 415 624 455 illos
656 417 760 455 sicco
793 416 894 454 freta
925 414 1064 454 radere
1095 427 1237 468 passu,

150 480 216 513 655
236 473 286 512 Et
318 475 462 525 segetis
494 486 612 513 canae
644 479 793 514 stantes
824 486 1060 526 percurrere
1093 476 1253 513 aristas.

236 532 421 572 Adiciunt
452 535 601 572 animos
632 534 764 573 iuveni
797 532 1020 584 clamorque
1052 533 1262 586 favorque,

236 590 441 643 Verbaque
469 592 669 632 dicentum
695 589 872 644 ωιιιιῐιει,
898 604 1003 631 nunc
1028 591 1258 631 incumbere
1283 596 1459 643 tempus,

236 649 480 702 Hippomene
500 683 510 703 ,
541 649 738 703 propera!
771 663 876 690 nunc
907 650 1057 690 viribus
1088 656 1201 690 utere
1232 652 1348 690 totis.

235 708 341 748 Pelle
373 722 523 749 moram
542 742 553 763 ,
585 712 716 749 vinces
738 706 796 749 :'''
828 709 991 749 dubi-um
1010 742 1020 762 ‚
1052 710 1271 761 Megareius
1302 709 1419 748 heros

149 776 216 809 660
236 767 410 807 Gaudeat
428 801 439 821 ,
470 781 519 808 an
550 770 658 820 virgo
690 769 812 820 magis
843 768 904 807 his
938 768 1153 808 Schoeneia
1185 768 1320 807 dictis.

236 826 268 867 Ο
302 829 483 878 quotiens
501 859 513 881 ,
545 839 635 867 cum
665 828 742 867 iam
773 832 907 879 posset
937 829 1106 866 transire
1125 859 1136 880 ,
1167 833 1316 866 morata
1348 832 1430 880 est,

237 885 521 938 spectatosque
553 886 620 926 diu
651 886 781 926 vultus
813 887 932 925 invita
964 884 1151 938 reliquit!

236 944 379 984 Aridus
411 957 432 984 e
463 945 564 985 lasso
596 944 776 984 veniebat
808 944 1001 984 anhelitus
1027 957 1118 998 ore,

235 1003 416 1055 Metaque
450 1010 534 1043 erat
564 1004 707 1056 longe.
746 1009 830 1043 tum
862 1003 1030 1056 denique
1063 1004 1110 1043 de
1143 1003 1269 1044 tribus
1302 1016 1423 1043 unum

149 1069 216 1101 665
236 1061 398 1102 Fetibus
430 1063 606 1102 arboreis
636 1063 767 1115 proles
799 1062 994 1114 Neptunia
1025 1064 1152 1102 misit.

236 1120 437 1173 Obstipuit
466 1123 575 1173 virgo
595 1154 606 1175 ,
638 1122 830 1173 nitidique
862 1122 1046 1173 cupidine
1076 1122 1183 1174 pomi

234 1178 412 1220 Declinat
443 1193 613 1233 cursus,
645 1192 864 1231 aurumque
895 1180 1063 1220 volubile
1095 1180 1218 1220 tollit:

233 1237 430 1278 Praeterit
460 1239 755 1291 Hippomenes:
786 1246 973 1279 resonant
1004 1239 1226 1291 spectacula
1257 1239 1419 1291 plausu.

234 1296 301 1336 Illa
333 1310 483 1337 moram
515 1298 634 1337 celeri
666 1305 893 1348 cessataque
926 1304 1101 1350 tempora
1133 1310 1253 1337 cursu

148 1363 216 1396 670
237 1355 430 1409 Corrigit,
462 1362 579 1408 atque
604 1358 750 1396 iterum
775 1357 957 1395 iuvenem
988 1363 1078 1408 pos-t
1108 1362 1217 1408 terga
1249 1356 1455 1408 relinquit.

234 1414 284 1454 Et
314 1427 454 1454 rursus
485 1416 591 1467 pomi
621 1416 726 1454 iactu
758 1420 953 1454 remorata
985 1415 1171 1468 secundi,

235 1473 500 1525 Consequitur
531 1475 750 1525 transitque
782 1475 937 1513 virum.
974 1487 1065 1526 pars
1096 1474 1232 1513 ultima
1264 1486 1405 1514 cursus

234 1532 441 1572 Restabat.
475 1529 643 1572 “‘nunc'
663 1534 792 1584 inquit
811 1529 918 1572 ‘ades
930 1565 941 1585 ,
967 1532 1038 1572 dea
1058 1534 1233 1573 muneris
1254 1539 1390 1574 auctor
1401 1530 1457 1573 !'''

235 1591 357 1642 Inque
388 1591 490 1631 latus
521 1592 677 1644 campi,
708 1603 786 1643 quo
817 1591 967 1631 tardius
998 1591 1063 1631 illa
1093 1592 1242 1631 rediret
1259 1624 1269 1643 ,

147 1657 215 1689 675
235 1650 332 1690 lecit
363 1650 410 1689 ab
443 1650 600 1702 obliquo
632 1650 798 1689 nitidum
832 1650 1063 1689 iuvenaliter
1094 1663 1257 1690 aurum.

234 1710 291 1748 An
324 1715 507 1762 peteret,
538 1711 647 1761 virgo
678 1710 759 1747 visa
791 1714 851 1748 est
882 1708 1092 1749 dubitare:
1124 1711 1234 1761 coegi

233 1767 387 1806 Tollere
406 1800 417 1820 ‚
449 1774 489 1807 et
519 1768 643 1807 adieci
675 1767 825 1807 sublato
857 1767 1030 1819 pondera
1062 1768 1188 1821 malo,

234 1826 475 1878 impediique
508 1828 639 1866 oneris
671 1827 817 1877 pariter
851 1827 1038 1877 gravitate
1070 1839 1280 1878 moraque.

233 1884 339 1924 Neve
371 1898 481 1924 meus
514 1897 642 1924 sermo
676 1897 795 1924 cursu
828 1886 878 1924 sit
908 1885 1056 1924 tardior
1087 1887 1196 1938 ipso,

146 1953 214 1984 <580
235 1943 453 1983 Praeterita
485 1950 545 1983 est
575 1946 713 1995 virgo:
745 1943 855 1982 duxit
886 1955 955 1983 sua
986 1945 1158 1995 praemia
1188 1945 1333 1983 victor.

232 2002 406 2054 Dignane
426 2034 437 2055 ,
470 2004 534 2042 cui
565 2008 695 2054 grates
728 2007 889 2054 ageret,
921 2004 985 2041 cui
1016 2004 1117 2041 turis
1148 2002 1338 2042 honorem

231 2061 400 2113 Ferret,
432 2061 586 2113 Adoni,
618 2062 674 2100 sui
693 2058 715 2100 ⁶?
748 2072 821 2099 nec
852 2065 981 2112 grates
1013 2062 1205 2100 inmemor
1236 2063 1339 2114 egit,

231 2119 313 2159 Nec
344 2119 439 2158 mihi
470 2125 558 2159 tura
590 2119 725 2158 dedit.
764 2118 933 2158 subitam
965 2126 1172 2158 convertor
1203 2121 1244 2159 in
1275 2121 1396 2159 iram:

233 2177 549 2230 Contemptuque
582 2178 747 2230 dolens,
779 2190 828 2217 ne
861 2180 933 2217 sim
966 2178 1186 2229 spernenda
1217 2178 1384 2231 futuris,

144 2243 212 2276 685
232 2235 420 2288 Exemplo
453 2249 568 2276 caveo
587 2269 598 2290 ‚
630 2249 772 2288 meque
803 2237 887 2288 ipsa
919 2236 1105 2276 exhortor
1136 2238 1177 2276 in
1209 2236 1365 2276 ambos.

231 2294 391 2346 Templa
410 2327 421 2347 ,
453 2295 570 2335 deum
601 2295 715 2334 Matri
747 2307 845 2346 quae
877 2294 1073 2346 quondam
1106 2295 1235 2335 clarus
1266 2295 1416 2335 Echion

229 2351 393 2393 Fecerat
424 2365 472 2393 ex
503 2359 591 2394 voto
610 2384 622 2406 ,
654 2354 871 2393 nemorosis
903 2352 1032 2392 abdita
1063 2353 1192 2407 silvis,
