1554 2563
86 125 169 167 206
335 137 476 160 numina
636 123 850 157 METAMM
865 150 872 158 .

203 234 358 287 Myrrha
391 233 490 273 datis
522 234 686 273 nimium
718 233 889 285 gaudet:
920 233 1176 285 consultaque
1195 266 1206 287 ,
1239 234 1391 286 qualem

205 294 323 345 Optet
354 292 499 331 habere
531 294 688 344 virum,
720 289 919 331 “similem
951 289 1053 331 tibi''
1085 293 1208 332 dixit.
1247 299 1288 333 at
1316 293 1379 333 ille

115 360 183 392 365
204 352 289 391 Non
315 351 554 391 intellectam
585 363 719 391 vocem
752 350 988 404 conlaudat,
1019 356 1059 390 et
1091 348 1206 391 “esto

204 411 300 450 Tam
330 412 393 462 pia
425 406 612 462 semper''
645 412 724 450 ait.
762 411 918 462 pietatis
950 411 1107 449 nomine
1139 410 1242 450 dicto

204 469 368 509 Demisit
399 469 528 508 vultus
560 468 721 508 sceleris
753 468 827 508 sibi
859 470 1014 508 conscia
1046 470 1178 520 virgo.

204 527 339 568 Noctis
370 534 454 567 erat
485 527 656 567 medium
675 560 686 580 ‚
718 539 911 579 curasque
943 534 983 567 et
1014 540 1178 579 corpora
1209 540 1370 569 somnus

207 587 412 626 Solverat.
451 592 490 626 at
520 588 628 638 virgo
662 586 840 638 Cinyreia
871 586 1035 638 pervigil
1066 588 1147 638 igni

118 655 185 686 370
207 646 389 698 Carpitur
420 645 608 684 indomito
627 677 638 699 ,
670 646 895 697 furiosaque
928 651 1015 684 vota
1048 651 1258 686 retractat.

208 704 256 744 Et
287 704 401 744 modo
435 704 645 757 desperat,
676 703 791 743 modo
831 703 913 743 vult
949 710 1167 756 temptare.
1206 704 1430 758 pudetque,

209 763 257 803 Et
288 765 424 816 cupit,
456 769 525 816 et,
557 763 650 814 quid
676 768 790 816 agat,
821 775 899 802 non
932 764 1107 802 invenit.
1145 769 1267 815 utque
1301 767 1430 804 securi

208 823 347 862 Saucia
379 821 485 861 trabs
517 824 655 873 ingens
674 854 685 874 ‚
716 821 783 861 ubi
814 821 924 874 plaga
957 823 1166 861 novissima
1197 828 1342 876 restat,

208 881 293 928 Quo
327 880 438 920 cadat
455 913 466 934 ‚
498 882 537 920 in
570 880 688 920 dubio
721 886 809 933 est,
841 881 1026 932 omnique
1058 893 1078 920 a
1109 886 1220 933 parte
1247 883 1431 922 timetur:

119 948 187 981 375
210 940 274 979 Sic
307 941 459 979 animus
491 940 597 978 vario
629 939 843 978 labefactus
874 939 1034 978 vulnere
1067 945 1178 979 nutat

208 999 294 1038 Huc
325 999 420 1038 levis
453 1005 568 1050 atque
600 998 692 1038 illuc
712 1031 723 1051 ‚
754 1004 1028 1049 momentaque
1060 1000 1179 1038 sumit
1209 1004 1400 1051 utroque.

208 1058 289 1097 Nec
321 1057 460 1097 modus
480 1063 547 1097 aut
566 1058 724 1108 requies
743 1089 754 1109 ,
786 1058 861 1096 nisi
881 1069 986 1096 mors
1005 1088 1017 1109 ,
1049 1058 1247 1109 reperitur
1267 1060 1427 1099 amoris.

208 1116 313 1155 Mors
344 1116 499 1168 placet.
538 1117 703 1168 erigitur
722 1148 732 1168 ,
764 1115 981 1167 laqueoque
1013 1117 1214 1156 innectere
1246 1117 1378 1156 fauces

208 1174 412 1214 Destinat.
451 1180 490 1214 et
520 1187 616 1213 zona
647 1186 799 1214 summo
832 1175 879 1213 de
910 1179 1022 1226 poste
1055 1176 1227 1214 revincta

121 1242 190 1274 380
209 1231 339 1273 “Care
370 1233 452 1272 vale
486 1232 625 1284 Cinyra
645 1265 655 1285 ‚
687 1245 923 1284 causamque
954 1232 1136 1284 intellege
1169 1235 1307 1273 mortis
1320 1231 1362 1274 !'’

210 1292 342 1345 Dixit,
374 1298 413 1331 et
445 1291 600 1344 aptabat
630 1293 793 1343 patienti
824 1291 974 1330 vincula
1008 1292 1129 1331 collo.

209 1351 411 1391 Murmura
442 1350 653 1389 verborum
686 1350 780 1389 fidas
812 1351 977 1389 nutricis
1009 1350 1056 1389 ad
1087 1363 1203 1390 aures

210 1410 441 1449 Pervenisse
475 1409 608 1448 serunt
625 1441 637 1461 ,
668 1408 786 1448 limen
819 1410 1009 1448 servantis
1042 1408 1242 1450 alumnae.

212 1468 347 1520 Surgit
377 1480 503 1520 anus,
535 1473 765 1519 reseratque
798 1467 932 1507 sores:
963 1469 1179 1519 mortisque
1212 1475 1367 1520 paratae

123 1535 189 1567 385
211 1527 476 1567 Instrumenta
508 1526 672 1579 videns,
704 1527 829 1578 spatio
861 1526 1076 1566 conclamat
1107 1526 1245 1566 eodem

212 1585 341 1638 Seque
374 1586 466 1624 serit
497 1585 717 1636 scinditque
751 1587 861 1624 sinus
893 1591 1108 1637 ereptaque
1140 1585 1238 1624 collo

212 1643 373 1684 Vincula
405 1643 591 1683 dilaniat.
637 1649 720 1682 tum
752 1643 922 1695 denique
954 1643 1049 1683 flere
1081 1646 1251 1697 vacavit,

211 1703 311 1742 Tum
344 1703 436 1742 dare
468 1702 723 1755 complexus,
756 1702 962 1753 laqueique
995 1704 1199 1754 requirere
1231 1715 1412 1743 causam..

211 1761 317 1801 Muta
349 1761 437 1800 silet
468 1763 575 1812 virgo
609 1767 832 1812 terramque
864 1762 1010 1800 inmota
1042 1766 1200 1815 tuetur,

124 1829 191 1861 390
212 1820 261 1859 Et
293 1820 485 1871 deprensa
518 1819 623 1859 dolet
654 1819 786 1858 tardae
819 1821 1021 1859 conamina
1054 1822 1215 1860 mortis.

214 1879 336 1918 Instat
361 1890 458 1917 anus
477 1910 488 1931 ,
520 1890 715 1929 canosque
748 1890 840 1917 suos
872 1884 911 1917 et
942 1879 1070 1917 inania
1103 1878 1253 1918 nudans

212 1937 340 1977 Ubera
371 1949 442 1989 per
474 1949 595 1976 cunas
627 1937 885 1987 alimentaque
917 1937 1042 1988 prima
1073 1943 1282 1990 precatur,

213 1995 264 2035 Ut
294 1995 368 2035 sibi
401 1997 646 2048 committat,
678 1995 864 2047 quicquid
897 1994 1023 2034 dolet.
1061 1995 1125 2034 illa
1156 2000 1357 2047 rogantem

213 2055 396 2094 Aversata
428 2056 576 2106 gemit.
615 2060 720 2093 certa
752 2060 812 2093 est
844 2055 1051 2104 exquirere
1083 2055 1216 2093 nutrix

128 2121 193 2152 395
214 2112 294 2152 Nec
326 2112 448 2152 solam
480 2112 674 2164 spondere
707 2112 850 2151 fidem.
890 2108 999 2150 “dic'
1030 2113 1159 2164 inquit
1190 2110 1398 2164 ‘opemque

214 2171 274 2211 Me
307 2173 391 2210 sine
423 2171 527 2211 serre
561 2171 660 2210 tibi.
698 2183 777 2210 non
809 2176 869 2210 est
900 2181 984 2209 mea
1015 2172 1125 2222 pigra
1157 2178 1364 2211 senectus.

217 2229 294 2268 Seu
321 2230 431 2269 furor
458 2235 541 2282 est,
572 2228 720 2282 habeo,
753 2241 851 2280 quae
877 2230 1048 2268 carmine
1076 2235 1186 2269 sanet
1211 2236 1251 2269 et
1279 2229 1436 2269 herbis:

217 2287 305 2327 Sive
338 2287 476 2339 aliquis
509 2289 674 2340 nocuit,
705 2289 854 2339 magico
886 2286 1107 2327 lustrabere
1140 2289 1240 2328 ritu.

217 2345 278 2385 [ra
309 2345 425 2385 deum
457 2347 538 2386 sive
570 2351 660 2399 est,
691 2347 812 2385 sacris
844 2345 1043 2398 placabilis
1074 2347 1154 2385 ira.
