1554 2563
160 116 238 157 126

186 295 251 325 700

186 587 250 618 705

187 881 250 911 710

186 1175 251 1205 715

189 1468 253 1499 720

234 2112 251 2142 5

203 2300 252 2307 ,-

383 128 564 151 Bounimai:
707 115 920 150 METAMM
936 141 942 149 .

273 226 446 266 Sollicito
478 237 612 264 manes
643 231 847 277 totumque
879 225 1117 265 tremoribus
1149 226 1307 266 orbem.

271 285 352 324 Hac
383 297 457 337 ope
489 283 701 323 debueram
732 284 921 323 thalamos
952 286 1143 337 petiisse;
1175 297 1366 337 socerque

272 344 357 383 Non
389 343 561 383 orandus
593 349 676 382 erat
693 375 704 396 ,
736 344 772 382 vi
805 343 872 382 sed
906 343 1106 382 faciendus
1138 343 1384 384 Erechtheus
1400 341 1424 386 .’

272 402 376 442 Haec
407 402 553 441 Boreas
585 408 652 441 aut
683 402 743 440 his
776 414 854 440 non
886 403 1074 441 inferiora
1105 401 1261 442 locutus

271 461 455 501 Excussit
485 472 634 512 pennas
652 492 663 514 ‚
695 472 862 511 quarum
894 459 1101 500 iactatibus
1134 463 1261 501 omnis

273 520 421 559 Adssata
453 526 514 559 est
543 519 659 559 tellus
691 519 890 570 latumque
922 519 1151 571 perhorruit
1182 532 1354 571 aequor:

272 578 580 629 Pulvereamque
612 578 772 617 trahens
791 590 861 629 per
893 590 1045 617 summa
1077 580 1278 618 cacumina
1309 579 1449 631 pallam

273 637 402 677 Verrit
433 637 595 677 humum
615 669 625 689 ‚
656 636 912 688 pavidamque
945 643 1051 676 metu
1084 637 1247 689 caligine
1281 644 1408 678 tectus

274 697 477 748 Orithyian
509 708 642 735 amans
674 696 788 734 fulvis
820 695 1068 747 amplectitur
1100 696 1190 736 alis.

273 756 373 795 Dum
405 755 536 807 volat,
568 760 752 794 arserunt
783 756 916 806 agitati
948 755 1090 794 fortius
1121 756 1254 805 ignes.

273 814 354 853 Nec
384 815 494 866 prius
527 815 622 853 aerii
654 825 795 852 cursus
827 812 1047 864 subpressit
1077 813 1271 867 habenas,

274 873 398 919 Quam
431 872 621 911 Ciconum
652 872 779 911 tenuit
809 871 974 923 populos
1007 879 1046 911 et
1077 874 1230 912 moenia
1263 879 1417 925 raptor.

273 932 354 971 illic
386 937 425 970 et
456 930 572 982 gehdi
604 932 773 969 coniunx
805 930 947 969 Actaea
979 933 1133 982 tyranni

273 990 322 1030 Et
347 992 524 1042 genetrix
558 990 657 1029 sacta
689 996 777 1042 est,
808 996 944 1040 partus
977 991 1090 1028 enixa
1121 990 1331 1044 gemellos,

274 1049 413 1088 Cetera
445 1050 511 1100 qui
544 1049 708 1101 matris,
739 1059 887 1099 pennas
919 1049 1109 1099 genitoris
1136 1049 1349 1089 haberent.

272 1107 357 1147 Non
377 1114 507 1146 tamen
528 1108 596 1146 has
616 1119 692 1146 una
712 1113 931 1146 memorant
950 1119 1040 1146 cum
1059 1119 1225 1159 corpore
1245 1114 1354 1147 natas
1367 1122 1377 1161 3
1392 1117 1415 1142 ι.
1429 1124 1495 1144 κον.

273 1166 476 1217 Barbaque
508 1166 601 1204 dum
633 1165 762 1204 rutilis
794 1165 928 1204 aberat
953 1165 1118 1206 subnixa
1150 1166 1321 1220 capillis,

273 1225 471 1277 Inplumes
505 1224 707 1275 Calaisque
739 1236 839 1275 puer
871 1223 1063 1276 Zetesque
1095 1225 1284 1264 fuerunt.

273 1283 360 1323 Mox
391 1285 539 1335 pariter
570 1294 720 1335 pennae
753 1284 831 1322 ritu
865 1295 1030 1334 coepere
1062 1282 1266 1323 volucrum

274 1342 437 1394 Cingere
470 1347 682 1392 utrumque
714 1340 843 1393 latus,
875 1343 1021 1393 pariter
1052 1341 1261 1381 flavescere
1295 1343 1439 1382 malae.

273 1400 376 1452 Ergo
408 1400 477 1441 ubi
509 1401 705 1439 concessit
736 1405 891 1451 tempus
922 1400 1074 1451 puerile
1105 1402 1308 1453 iuventae,

274 1459 441 1498 Vellera.
457 1471 547 1498 cum
578 1458 718 1510 Minyis
751 1458 873 1497 nitido
906 1458 1093 1498 radiantia
1124 1459 1213 1498 villo

272 1518 347 1558 Per
380 1529 486 1557 mare
519 1529 596 1556 non
624 1522 760 1556 notum
791 1519 915 1568 prima
941 1519 1090 1569 petiere
1123 1519 1278 1558 carina.

547 1771 731 1825 LIBER
769 1770 1100 1826 SEPTIMUS.

273 1869 430 1922 lamque
463 1870 608 1909 fretum
639 1869 789 1921 Minyae
820 1869 1012 1920 Pagasaea
1043 1882 1173 1922 puppe
1206 1869 1413 1909 secabant:

274 1929 547 1980 Perpetuaque
579 1928 737 1967 trahens
769 1929 925 1979 inopem
957 1927 1030 1967 sub
1062 1934 1177 1967 nocte
1209 1935 1405 1968 senectam

273 1987 446 2026 Phineus
478 1988 585 2026 visus
617 1993 730 2039 erat,
761 1988 1000 2037 iuvenesque
1032 1986 1223 2037 Aquilone
1256 1989 1376 2026 creati

274 2045 474 2096 virgineas
506 2045 684 2084 volucres
716 2045 849 2084 miseri
881 2046 985 2084 senis
1017 2056 1084 2083 ore
1118 2045 1320 2095 fugarant:

272 2103 469 2155 Multaque
503 2105 681 2155 perpessi
713 2103 816 2142 claro
849 2102 922 2142 sub
955 2102 1090 2142 Iasone
1123 2103 1278 2142 tandem

275 2162 528 2214 Contigerant
559 2161 713 2214 rapidas
745 2161 872 2200 limosi
903 2161 1090 2200 Phasidos
1124 2161 1272 2201 undas:

276 2220 453 2272 Dumque
486 2220 630 2260 adeunt
661 2231 794 2272 regem
825 2219 1070 2271 Phrixeaque
1102 2219 1243 2258 vellera
1275 2227 1466 2274 poscunt,

277 2278 406 2330 Usque
439 2279 553 2318 datur
585 2280 760 2318 numeris
792 2289 1022 2329 magnorum
1053 2277 1247 2317 horrenda
1280 2278 1481 2318 laborum„

275 2336 453 2388 Concipit
485 2339 634 2376 interea
666 2336 810 2376 validos
841 2337 995 2375 Aeetias
1027 2337 1136 2386 ignes
