1554 2563
119 92 172 134 16
319 105 457 127 napum:
466 120 473 128 .
500 105 536 126 10
671 90 886 127 METAMM
899 118 908 127 .

232 202 358 241 Mollia
390 203 602 253 cinguntur
632 202 741 240 tenui
771 200 1000 253 praecordia
1030 200 1155 255 libro,
1332 211 1362 236 r.
1385 210 1454 238 vui.

140 268 208 301 550
227 261 271 299 In
303 260 481 299 frondem
514 261 672 312 crines,
703 261 743 298 in
776 272 904 298 ramos
936 259 1117 298 bracchia
1149 267 1357 301 crescunt:

233 319 308 358 Pes
339 318 454 358 modo
486 324 565 357 tam
596 318 705 357 velox
731 319 853 370 pigris
884 318 1082 357 radicibus
1114 318 1273 372 haeret,

235 377 312 416 Ora
344 389 530 416 cacumen
564 377 673 416 obit.
713 382 889 416 remanet
920 378 1024 415 nitor
1056 389 1159 416 unus
1191 378 1231 416 in
1263 377 1348 417 illa.

235 436 344 475 Hanc
364 448 521 487 quoque
542 435 723 474 Phoebus
743 441 868 487 amat,
887 437 1092 487 positaque
1112 436 1153 474 in
1173 437 1305 488 stipite
1320 436 1455 477 dextra

236 494 363 534 Sentit
394 494 520 533 adhuc
551 494 747 546 trepidare
780 506 879 532 novo
911 493 984 532 sub
1017 495 1164 533 cortice
1195 500 1356 548 pectus,

147 560 214 592 555
236 552 548 605 Complexusque
581 555 662 592 suis
695 564 824 592 ramos
843 584 854 605 ‚
886 558 929 591 ut
960 552 1162 606 membra,
1194 552 1351 593 lacertis

236 611 379 651 Oscula
410 611 475 650 dat
505 611 634 663 ligno:
666 612 812 663 refugit
842 617 972 650 tamen
1005 610 1137 650 oscula
1168 611 1339 663 lignum.

236 671 309 710 Cui
339 670 436 709 deus
469 667 522 709 ‘at
554 671 737 722 quoniam
769 671 939 709 coniunx
971 682 1056 708 mea
1094 682 1171 708 non
1209 676 1321 721 potes
1348 683 1457 724 esse,

235 728 362 768 Arbor
393 730 472 768 eris
504 726 627 768 certe’
660 728 757 768 dixit
788 726 917 767 ‘mea.
955 740 1111 780 semper
1142 728 1342 769 habebunt

235 787 291 827 Te
317 799 428 827 coma
446 819 458 839 ,
487 793 525 827 te
547 787 718 826 citharae
738 819 748 839 ‚
780 793 818 826 te
839 792 995 826 nostrae
1015 819 1026 839 ,
1057 787 1165 826 laure
1185 819 1195 840 ,
1227 788 1457 839 pharetrae.

150 853 218 886 560
238 846 298 885 Tu
330 846 497 885 ducibus
529 845 648 885 Latiis
681 845 808 885 aderis
827 877 838 898 ,
871 857 960 884 cum
991 845 1091 884 laeta
1122 846 1382 898 Triumphum

237 904 318 943 Vox
350 911 465 944 canet
497 910 536 944 et
566 906 693 944 visent
723 904 857 956 longas
891 903 1077 956 Capitolia
1108 917 1293 956 pompas.

236 963 421 1002 Postibus
451 963 639 1015 Augustis
671 963 806 1002 eadem
839 963 1023 1001 fidissima
1056 969 1188 1002 custos

236 1024 335 1061 Ante
362 1023 467 1061 fores
499 1022 620 1061 stabis
639 1053 650 1074 ,
682 1022 926 1072 mediamque
959 1021 1122 1060 tuebere
1156 1034 1369 1072 quercum.

237 1080 365 1132 thue
390 1092 522 1119 meum
554 1082 720 1119 intonsis
752 1086 869 1131 caput
900 1086 960 1118 est
990 1080 1166 1119 iuvenale
1200 1081 1371 1135 capillis,

150 1147 217 1178 565
239 1139 298 1178 Tu
332 1151 488 1190 quoque
520 1145 734 1191 perpetuos
766 1151 921 1189 semper
953 1151 1045 1189 gere
1072 1138 1222 1178 frondis
1248 1140 1419 1179 honores
1434 1136 1458 1179 .'

236 1198 410 1237 Finierat
440 1197 596 1236 Paean.
635 1198 747 1236 factis
779 1197 893 1235 modo
926 1196 1057 1236 laurea
1088 1199 1207 1236 ramis

235 1257 410 1308 Adnuit,
435 1262 557 1307 utque
591 1262 707 1307 caput
738 1257 817 1294 visa
851 1262 911 1294 est
942 1257 1108 1306 agitasse
1141 1269 1351 1296 cacumen.

295 1314 367 1354 Est
378 1327 516 1353 nemus
526 1315 758 1353 Haemoniae
769 1346 779 1367 ,
790 1320 1000 1365 praerupta
1013 1315 1115 1365 quod
1130 1315 1302 1366 undique
1315 1316 1460 1355 claudit

238 1372 339 1412 Silva
360 1405 370 1425 ‚
402 1379 540 1412 vocant
571 1373 716 1424 Tempe
737 1404 746 1412 .
783 1385 854 1424 per
887 1385 984 1423 quae
1017 1373 1171 1412 Peneus
1203 1374 1250 1412 ab
1283 1376 1359 1414 imo

153 1440 221 1471 570
242 1431 399 1471 Effusus
431 1431 555 1470 Pindo
588 1433 785 1483 spumosis
816 1431 983 1470 volvitur
1016 1432 1131 1470 undis

238 1490 479 1541 Deiectuque
512 1492 618 1541 gravi
650 1496 790 1529 tenues
822 1491 1005 1541 agitantia
1036 1491 1164 1529 fumos

237 1549 376 1588 Nubila
409 1549 622 1600 conducit,
654 1550 896 1599 summisque
929 1550 1134 1600 aspergine
1166 1549 1271 1589 silvis

238 1607 384 1659 lnpluit
416 1613 456 1646 et
481 1609 612 1646 sonitu
645 1607 732 1658 plus
766 1619 881 1658 quam
912 1608 1037 1646 vicina
1069 1608 1224 1659 fatigat.

238 1666 342 1704 Haec
374 1666 513 1705 domus
532 1698 543 1718 ‚
574 1666 670 1705 haec
691 1665 804 1704 sedes
823 1697 834 1718 ‚
865 1665 960 1704 haec
987 1672 1079 1705 sunt
1098 1667 1311 1717 penetralia
1333 1669 1460 1719 magni

150 1732 217 1763 575
238 1726 373 1763 Amnis
393 1756 401 1764 .
440 1726 480 1764 in
512 1724 573 1763 his
592 1756 603 1777 ‚
634 1724 813 1763 residens
846 1725 947 1763 facto
980 1724 1027 1763 de
1060 1725 1239 1764 cautibus
1272 1732 1407 1778 antro,

238 1782 360 1822 Undis
393 1785 478 1821 iura
510 1783 625 1822 dabat
656 1783 914 1834 nymphisque
947 1782 1166 1822 colentibus
1200 1785 1345 1824 undas.

240 1841 486 1880 Conveniunt
516 1842 608 1880 illuc
639 1842 841 1893 popularia
872 1841 1031 1880 flumina
1061 1844 1256 1895 primum,

238 1900 406 1953 Nescia,
438 1906 642 1951 gratentur
675 1899 978 1938 consolenturne
1010 1906 1238 1953 parentem,

238 1958 440 2010 Populifer
474 1958 684 2010 Sperchios
715 1964 755 1997 et
786 1959 1031 2008 inrequietus
1064 1958 1238 2010 Enipeus

152 2025 219 2056 580
238 2017 516 2068 Apidanusque
549 2029 668 2056 senex
701 2016 878 2067 lenisque
910 2017 1148 2068 Amphrysos
1182 2024 1220 2056 et
1251 2019 1373 2072 Aeas,

238 2075 406 2126 Moxque
438 2088 571 2114 amnes
603 2075 696 2127 alii,
728 2077 794 2126 qui
826 2086 900 2126 qua
934 2075 1023 2113 tulit
1053 2077 1223 2127 impetus
1255 2077 1365 2130 illos,

236 2133 283 2172 In
316 2146 421 2172 mare
454 2134 654 2174 deducunt
686 2134 807 2172 fessas
839 2133 1042 2172 erroribus
1073 2135 1219 2173 undas,

239 2192 407 2230 Inachus
426 2224 436 2244 ‚
468 2205 571 2231 unus
591 2225 601 2244 ,
633 2191 743 2230 abest
774 2194 929 2242 imoque
962 2192 1188 2231 reconditus
1220 2201 1331 2233 antro

239 2249 415 2289 Fletibus
448 2258 563 2301 auget
594 2263 712 2301 aquas
738 2283 749 2302 ,
782 2257 988 2300 natamque
1021 2253 1266 2291 miserrImus
1297 2252 1336 2291 lo

153 2317 220 2348 585
242 2308 369 2359 Luget
400 2316 444 2347 ut
476 2311 655 2348 amissam
676 2340 684 2348 .
724 2310 884 2360 nescit,
915 2310 1042 2348 vitane
1074 2310 1252 2363 fruatur,
