1554 2563
511 121 579 157 XV
593 148 602 166 ,
627 126 812 158 447—518
828 149 835 157 .
985 134 1112 157 EGERIA
1256 121 1340 163 319

121 230 294 283 Coniuge
327 233 394 283 qui
424 232 515 272 felix
546 232 714 285 nympha
746 231 990 284 ducibusque
1023 231 1201 271 Camenis

122 289 328 329 Sacrificos
359 290 493 330 docuit
522 293 623 330 ritus
641 323 652 344 ‚
683 297 918 342 gentemque
950 292 1072 330 feroci

120 349 326 388 Assuetam
357 348 458 388 bello
489 351 596 401 pacis
627 349 800 389 traduxit
831 350 876 389 ad
909 356 1037 389 artes.

33 414 101 447 485
122 407 199 453 Qui
228 413 435 459 postquam
473 410 605 447 senior
636 420 880 460 regnumque
918 419 1132 459 aevumque
1163 409 1340 461 peregit,

120 466 347 506 Extinctum
379 465 589 518 Latiaeque
620 479 745 507 nurus
776 467 1023 519 populusque
1055 472 1265 518 patresque

121 524 321 564 Dessevere
352 524 545 565 Numam.
584 538 671 565 nam
705 528 875 566 coniunx
906 525 1004 565 urbe
1037 525 1173 565 relicta

123 582 238 622 Vallis
269 583 449 623 Aricinae
481 584 613 624 densis
644 585 739 624 latet
769 585 898 624 abdita
929 585 1059 636 silvis,

124 641 321 693 Sacraque
353 641 539 682 Oresteae
571 645 718 694 gemitu
751 650 975 695 questuque
1008 643 1151 681 Dianae

35 708 103 741 490
124 700 318 752 Impedit.
350 701 400 741 a!
433 703 615 753 quotiens
641 702 831 754 nymphae
858 703 1108 752 nemorisque
1134 701 1342 753 lacusque,

121 759 179 798 Ne
211 760 387 812 faceret,
418 773 607 800 monuere
639 767 678 800 et
710 761 948 800 consolantia
978 760 1097 799 verba

122 816 341 857 Dixerunt!
375 821 555 870 quotiens
587 819 696 859 flenti
726 819 917 859 Theseius
948 819 1065 858 heros

124 873 243 916 eSiste
275 875 434 916 modum
452 875 478 931 ‚³
512 878 609 917 dixit
641 875 783 930 ‘neque
816 880 919 924 enim
957 879 1114 917 fortuna
1146 877 1342 929 querenda

125 934 214 974 Sola
246 940 312 975 tua
345 942 433 976 est.
472 936 617 976 similes
649 937 813 977 aliorum
845 938 998 989 respice
1031 948 1168 976 casus:

35 1002 103 1033 495
124 993 256 1034 Mitius
288 995 363 1034 ista
394 995 497 1034 feres
518 1027 527 1034 .
565 997 792 1047 utinamque
824 995 999 1047 exempla
1025 995 1223 1034 dolentem

123 1052 210 1092 Non
242 1065 327 1092 mea
360 1059 397 1092 te
429 1060 591 1105 possent
622 1053 824 1094 relevare!
857 1054 925 1093 sed
964 1059 1003 1093 et
1039 1065 1126 1093 mea
1156 1059 1344 1105 possunt.

124 1111 255 1151 Fando
288 1112 457 1164 aliquem
488 1112 739 1165 Hippolytum
771 1119 920 1152 vestras
958 1114 991 1152 si
1028 1113 1193 1163 contigit
1230 1123 1345 1151 aures

125 1169 364 1210 Credulitate
395 1173 518 1223 patris
536 1203 548 1223 ‚
578 1171 789 1211 sceleratae
822 1170 959 1211 fraude
991 1182 1182 1210 novercae

126 1228 370 1269 Occubuisse
401 1231 489 1269 neci
521 1251 576 1258 —
608 1230 801 1270 mirabere
821 1262 832 1283 ,
864 1231 1005 1280 vixque
1036 1228 1236 1281 probabo:

37 1295 104 1328 500
126 1287 202 1327 Sed
234 1292 364 1328 tamen
395 1288 460 1327 ille
492 1300 563 1340 ego
595 1301 711 1328 sum.
749 1301 811 1328 me
843 1288 1070 1339 Pasiphaeia
1102 1287 1296 1338 quondam

127 1346 394 1399 [Temptatum
420 1347 566 1386 frustra
596 1349 767 1399 patrium
794 1353 986 1387 temerare
1019 1345 1171 1398 cubile,

126 1404 239 1451 Quod
270 1405 421 1458 voluit,
451 1405 620 1445 voluisse
652 1406 787 1445 infelix
820 1407 984 1445 crimine
1016 1416 1129 1443 verso
1163 1426 1217 1432 —-

126 1463 314 1503 Indiciine
347 1470 454 1503 metu
486 1466 608 1514 magis
627 1496 638 1516 ,
669 1465 866 1503 offensane
898 1460 1111 1515 repulsae?
1142 1462 1217 1513 -J

125 1523 292 1574 Arguit3
324 1524 641 1573 immeritumque
673 1528 784 1574 pater
814 1523 981 1574 proiecit
1012 1521 1059 1560 ab
1091 1520 1214 1574 urbe,

38 1589 105 1622 505
125 1580 345 1632 Hostilique
378 1587 494 1633 caput
524 1593 643 1633 prece
675 1581 893 1620 detestatur
924 1581 1077 1620 euntis.

126 1639 320 1679 Pittheam
351 1640 517 1692 profugo
550 1651 671 1679 curru
702 1639 900 1679 Troezena
932 1638 1137 1692 petebam,

53 1698 285 1749 -lamque
318 1697 556 1738 Corinthiaci
588 1697 794 1750 carpebam
826 1698 941 1737 litora
971 1699 1108 1750 ponti,

128 1756 226 1796 Cum
258 1769 365 1796 mare
397 1759 597 1809 surrexit,
629 1757 887 1808 cumulusque
919 1757 1099 1795 immanis
1130 1767 1318 1807 aquarum

128 1815 172 1855 ln
204 1817 348 1855 montis
380 1817 551 1867 speciem
584 1817 737 1854 curvari
769 1822 809 1854 et
839 1826 1019 1855 crescere
1053 1816 1159 1854 visus

41 1882 109 1914 510
128 1873 179 1913 Et
209 1874 301 1913 dare
333 1876 506 1926 mugitus
538 1886 770 1925 summoque
803 1875 1005 1913 cacumine
1037 1873 1154 1912 findi.

130 1932 319 1984 Corniger
349 1932 441 1972 hinc
474 1939 610 1972 taurus
642 1934 770 1984 ruptis
802 1932 1009 1984 expellitur
1039 1931 1179 1984 undis,

53 2013 108 2020 —
128 1991 440 2043 Pectoribusque
472 1997 588 2031 tenus
619 1991 755 2030 molles
788 1997 944 2030 erectus
975 1991 1016 2028 in
1047 2002 1185 2042 auras,

128 2049 297 2089 Naribus
329 2056 369 2089 et
399 2050 531 2102 patulo
563 2055 715 2102 partem
747 2051 865 2088 maris
897 2049 1040 2088 evomit
1071 2060 1162 2087 ore.

131 2107 256 2148 Corda
281 2114 423 2160 pavent
454 2110 670 2148 comitum:
702 2108 796 2148 mihi
828 2119 939 2147 mens
969 2108 1151 2147 interrita
1183 2109 1348 2160 mansit,

42 2174 108 2206 515
131 2167 265 2206 Exiliis
298 2172 481 2207 contenta
512 2169 624 2207 suis:
656 2179 746 2206 cum
777 2166 874 2206 colla
906 2167 1058 2206 seroces

130 2226 187 2264 Ad
218 2226 318 2265 freta
350 2231 613 2278 convertunt,
644 2227 886 2276 arrectisque
918 2223 1079 2264 auribus
1110 2224 1275 2264 horrent

132 2283 445 2337 Quadrupedes,
476 2285 720 2335 monstrique
752 2290 859 2324 metu
891 2283 1130 2337 turbantur,
1163 2289 1202 2323 et
1233 2283 1320 2322 altis

129 2342 393 2395 Praecipitant
424 2354 584 2383 currum
611 2342 783 2395 scopulis
803 2373 812 2383 .
849 2354 921 2395 ego
954 2342 1099 2382 ducere
1130 2353 1226 2382 vana
