1554 2563
164 121 249 164 262
422 135 545 158 umus
717 122 931 157 METAMM
945 150 953 158 .

281 233 451 286 Erigor,
482 238 522 272 et
553 232 727 285 trepidos
760 234 864 272 cives
896 233 1084 273 exhortor
1115 234 1155 272 in
1186 233 1364 286 hostem,

194 300 261 331 235
282 293 552 343 Amissamque
583 304 670 331 mea
700 293 887 331 virtutem
918 304 1012 331 voce
1044 304 1216 343 repono.

281 351 475 402 Tempore
507 349 555 389 ab
586 350 661 389 hoc
679 382 691 403 ,
723 350 999 402 quodcumque
1037 356 1167 402 potest
1204 351 1344 390 secisse
1382 351 1504 390 videri

281 409 453 448 Fortiter
484 410 588 461 iste,
620 421 751 448 meum
783 415 871 462 est,
904 411 970 460 qui
1003 409 1159 448 dantem
1198 415 1306 460 terga
1337 411 1506 449 retraxi.

282 468 457 519 Denique
490 468 537 506 de
570 467 709 506 Danais
743 469 829 519 quis
862 474 900 506 te
933 468 1109 507 laudatve
1141 465 1321 519 petitve?

282 527 331 566 At
363 539 433 566 sua
464 526 633 578 Tydides
665 538 820 566 mecum
853 528 1116 565 communicat
1147 532 1254 579 acta,

196 593 263 625 240
282 585 343 624 Me
376 584 516 637 probat
548 592 587 624 et
619 587 725 624 socio
758 597 915 636 semper
946 585 1106 624 confidit
1139 584 1270 624 Ulixe.

283 643 354 683 Est
385 644 560 696 aliquid,
592 643 641 683 de
673 649 732 683 tot
763 643 970 683 Graiorum
1003 643 1159 682 inllibus
1192 656 1313 682 unum

281 703 312 741 A
345 702 530 741 Diomede
563 703 668 754 legi:
700 714 773 741 nec
804 714 866 741 me
899 715 985 741 sors
1017 704 1074 741 ire
1107 702 1266 742 iubebat

283 761 347 800 Sic
380 767 509 800 tamen
543 767 581 800 et
613 767 745 813 spreto
778 762 985 812 noctisque
1017 760 1222 812 hostisque
1253 761 1401 813 periclo

281 821 430 859 Ausum
462 820 626 873 eadem,
660 832 758 871 quae
792 832 891 872 nos,
923 819 1091 871 Phrygia
1128 820 1175 858 de
1213 826 1328 871 gente
1362 819 1507 859 Dolona

195 879 500 918 2451nterimo:
533 891 611 917 non
644 884 733 918 ante
766 885 896 918 tamen
915 910 925 930 ‚
958 891 1073 929 quam
1106 884 1248 918 cuncta
1280 880 1391 930 coegi

281 937 454 977 Prodere
473 969 484 991 ,
517 943 556 976 et
587 937 757 990 edidici,
791 937 883 988 quid
914 937 1061 988 perfida
1094 937 1211 976 Troia
1240 944 1419 989 pararet.

283 996 421 1036 Omnia
460 1008 699 1048 cognoram,
730 1008 804 1035 nec
822 1028 833 1048 ,
865 996 971 1047 quod
1008 996 1263 1048 specularer,
1295 995 1507 1049 habebam,

281 1055 331 1094 Et
361 1056 437 1094 iam
469 1057 661 1106 promis-sa
692 1060 870 1106 poteram
902 1066 992 1094 cum
1023 1054 1136 1093 laude
1169 1056 1335 1094 reverti.

281 1113 393 1152 Haud
426 1120 635 1153 contentus
668 1126 713 1153 eo
746 1115 841 1165 petii
873 1114 1042 1152 tentoria
1073 1113 1216 1166 Rhesi,

195 1180 262 1211 250
282 1172 404 1223 Inque
437 1174 519 1211 suis
550 1174 680 1223 ipsum
712 1173 851 1211 castris
884 1174 1126 1224 comitesque
1157 1174 1331 1223 peremi:

282 1232 409 1282 Atque
441 1233 495 1270 ita
527 1232 678 1282 captivo
709 1232 835 1269 victor
866 1232 1044 1281 votisque
1076 1233 1225 1282 potitus

284 1289 488 1340 ingredior
520 1302 639 1328 curru
672 1289 794 1328 laetos
825 1290 1000 1328 imitante
1034 1289 1275 1341 triumphos.

283 1348 404 1387 Cuius
436 1360 559 1399 equos
590 1349 762 1399 pretium
793 1360 864 1399 pro
896 1353 1011 1386 nocte
1043 1355 1277 1399 poposcerat
1308 1348 1454 1402 hostis,

282 1407 399 1445 Arma
431 1412 569 1458 negate
602 1406 726 1459 mihi,
758 1407 956 1457 fueritque
987 1405 1194 1457 benignior
1224 1407 1342 1447 Aiax!

195 1472 262 1505 255
289 1465 391 1511 Quid
423 1464 530 1517 Lycii
563 1466 731 1504 referam
765 1464 1001 1516 Sarpedonis
1034 1466 1186 1516 agmina
1218 1466 1324 1504 ferro

282 1524 487 1563 Devastata
519 1536 606 1562 meo
626 1521 647 1562 P
679 1535 769 1562 cum
801 1523 923 1562 multo
956 1525 1144 1574 sanguine
1177 1524 1260 1563 sudi

284 1582 488 1622 Coeranon
520 1582 717 1634 lphitiden
749 1588 788 1620 et
819 1582 1073 1633 Alastoraque
1106 1582 1411 1634 Chromiumque

284 1641 599 1692 Alcandrumque
638 1640 870 1691 Haliumque
908 1640 1185 1691 Noemonaque
1217 1641 1507 1694 Prytaninque‚

284 1701 493 1751 Exitioque
526 1699 616 1738 dedi
648 1712 738 1738 cum
771 1699 1090 1738 Chersidamante
1122 1699 1284 1739 Thoona

196 1767 264 1798 260
283 1759 334 1798 Et
365 1759 582 1810 Charopem
601 1790 612 1810 ,
644 1759 811 1809 fatisque
843 1757 1048 1797 inmitibus
1080 1757 1286 1797 Ennomon
1318 1765 1471 1811 actum,

285 1818 439 1869 Quique
470 1819 600 1856 minus
632 1816 809 1855 celebres
840 1822 974 1855 nostra
1006 1816 1079 1855 sub
1112 1816 1317 1856 moenibus
1349 1817 1459 1856 urbis

284 1876 537 1916 Procubuere
570 1887 716 1915 manu.
755 1881 847 1914 sunt
878 1881 918 1914 et
949 1875 1043 1913 mihi
1075 1875 1265 1928 vulnera,
1298 1877 1424 1929 cives,

284 1935 372 1986 lpso
404 1935 568 1986 pulchra
599 1934 715 1973 loco:
746 1945 819 1972 nec
851 1934 958 1971 vanis
991 1933 1138 1972 credite
1171 1933 1322 1972 verbis.

283 1995 453 2045 Aspicite
487 2005 536 2032 en
555 1990 580 2032 !’
612 1998 839 2043 vestemque
871 2003 987 2030 manu
1021 1991 1171 2030 diduxit
1202 1999 1242 2031 et
1273 1989 1382 2031 ‘haec
1415 2001 1505 2032 sunt

197 2060 262 2091 265
282 2052 449 2091 Pectora
480 2048 651 2103 semper'
683 2052 737 2090 ait
769 2048 924 2089 ‘vestris
957 2052 1126 2089 exercita
1158 2050 1300 2090 rebus.

283 2111 333 2149 At
364 2110 418 2149 nil
449 2110 628 2162 inpendit
659 2122 730 2161 per
763 2115 821 2148 tot
851 2108 1100 2147 Telamonius
1132 2121 1254 2147 annos

285 2169 493 2220 Sanguinis
525 2171 565 2207 in
598 2170 755 2220 socios,
787 2173 826 2206 et
857 2166 974 2206 habet
1005 2169 1088 2205 sine
1121 2167 1282 2206 vulnere
1315 2180 1482 2219 corpus.

283 2227 386 2272 Quid
418 2233 548 2266 tamen
580 2227 654 2265 hoc
686 2227 837 2278 refert,
869 2227 903 2264 si
935 2237 976 2264 se
1007 2237 1078 2276 pro
1112 2225 1234 2264 classe
1266 2225 1426 2277 Pelasga

282 2286 399 2323 Arma
431 2286 568 2325 tulisse
600 2285 725 2324 refert
757 2290 892 2322 contra
923 2283 1126 2334 Troasque
1157 2282 1401 2336 Iovemque?

194 2350 263 2383 270
283 2342 560 2396 Confiteorque
578 2375 591 2396 ,
622 2342 740 2382 tulit:
772 2354 899 2394 neque
934 2343 1038 2381 enim
1069 2341 1272 2382 benefacta
1303 2343 1469 2394 maligne
