1554 2563
113 95 167 139 12
345 113 481 136 ermon
663 100 879 136 METAMM
890 130 898 138 .

139 216 208 248 400
230 209 328 248 Saxa
342 231 397 237 —
413 211 500 260 quis
527 210 600 249 hoc
616 210 749 250 credat
766 242 777 264 ‚
798 212 872 250 nisi
894 212 945 250 sit
963 223 1035 262 pro
1056 216 1155 250 teste
1171 217 1344 251 vetustas
1358 209 1450 251 ⁸?—

226 268 379 306 Ponere
405 268 590 307 duritiem
621 281 787 320 coepere
819 281 1013 320 suumque
1045 271 1239 322 rigorem,
1338 279 1370 304 1-
1390 279 1450 306 vu.

227 325 446 377 Mollirique
478 339 586 365 mora
606 359 616 379 ‚
648 328 873 379 mollitaque
907 327 1051 367 ducere
1085 329 1272 368 sormam.

227 384 316 423 Mox
348 384 416 423 ubi
448 391 687 438 creverunt,
720 392 937 437 naturaque
971 388 1101 425 mitior
1133 387 1209 426 illis

229 442 428 496 Contigit,
460 449 504 482 ut
535 444 754 498 quaedam,
786 446 842 483 sic
874 457 952 483 non
984 446 1188 484 manifesta
1207 477 1218 497 ‚
1250 445 1373 485 videri

140 508 207 540 405
227 501 367 540 Forma
386 507 517 553 potest
535 502 703 542 hominis
721 534 732 555 ‚
764 503 832 542 sed
859 505 917 542 uti
938 509 997 542 est
1016 504 1063 542 de
1085 516 1279 543 marmore
1300 507 1450 557 coeptis

227 559 313 598 Non
340 566 474 600 exacta
505 562 599 600 satis
630 561 874 612 rudibusque
907 562 1101 601 simillima
1133 564 1278 614 signis.

229 618 336 664 Quae
368 625 498 658 tamen
531 632 578 659 ex
609 620 684 659 illis
716 620 844 671 aliquo
876 632 966 672 pars
998 620 1129 659 umida
1161 633 1255 660 suco

226 676 277 716 Et
308 682 464 716 terrena
496 678 569 717 fuit
586 710 598 731 ‚
629 691 740 717 versa
772 684 832 718 est
863 680 903 717 in
936 681 1113 730 corporis
1146 691 1285 719 usum:

228 735 341 781 Quod
373 736 540 775 solidum
571 742 632 775 est
662 737 845 788 flectique
877 739 1043 790 nequit,
1074 743 1249 777 mutatur
1267 739 1308 777 in
1338 750 1450 779 ossa:

139 800 208 833 410
229 793 335 839 Quae
368 794 482 834 modo
515 807 611 834 vena
643 796 716 834 suit
732 827 745 848 ‚
777 795 849 834 sub
882 796 1019 835 eodem
1052 798 1208 835 nomine
1241 799 1406 837 mansit:

227 852 349 903 Inque
381 853 491 892 brevi
521 855 646 905 spatio
678 866 913 905 superorum
944 856 1105 893 numine
1136 866 1227 893 saxa

227 911 343 950 Missa
375 913 447 950 viri
479 912 658 952 manibus
689 913 828 951 faciem
858 919 1012 952 traxere
1044 915 1248 966 virorum,

227 969 277 1008 Et
301 969 348 1008 de
381 971 549 1009 femineo
581 977 760 1022 reparata
792 977 852 1010 est
883 972 1026 1011 femina
1057 973 1160 1011 iactu
1181 1002 1190 1010 .

226 1027 320 1067 Inde
353 1041 477 1080 genus
509 1029 653 1068 durum
685 1042 820 1069 sumus
852 1032 1138 1081 experiensque
1169 1029 1371 1084 laborum,

139 1092 206 1125 415
226 1085 276 1125 Et
307 1086 540 1126 documenta
571 1088 707 1127 damus
725 1120 736 1141 ‚
770 1100 845 1140 qua
877 1090 999 1128 simus
1030 1090 1181 1140 origine
1213 1090 1316 1129 nati.

229 1144 366 1184 Cetera
399 1145 564 1185 diversis
595 1146 711 1185 tellus
743 1147 920 1185 animalia
952 1147 1088 1186 formis

229 1203 376 1255 Sponte
408 1216 478 1244 sua
507 1207 690 1257 peperit,
720 1211 928 1256 postquam
960 1211 1071 1244 vetus
1104 1217 1218 1244 umor
1249 1205 1296 1244 ab
1328 1207 1417 1258 igne

226 1261 423 1302 Percaluit
454 1263 575 1316 solis,
608 1275 850 1314 caenumque
883 1263 1060 1315 udaeque
1091 1264 1253 1316 paludes

226 1320 454 1360 Intumuere
486 1327 627 1374 aestu,
659 1322 903 1373 fecundaque
937 1324 1086 1362 semina
1116 1335 1251 1362 rerum

133 1385 201 1418 420
221 1377 351 1418 Vivaci
383 1382 528 1419 nutrita
560 1380 641 1419 solo
660 1412 672 1433 ,
698 1393 770 1420 ceu
802 1382 937 1419 matris
967 1382 1008 1420 in
1040 1381 1123 1420 alvo
1141 1412 1152 1433 ,

227 1436 446 1477 Creverunt
478 1439 694 1490 faciemque
726 1439 893 1490 aliquam
926 1451 1067 1490 cepere
1098 1439 1308 1480 morando.

227 1495 291 1534 Sic
323 1496 391 1535 ubi
422 1497 599 1536 deseruit
628 1497 803 1536 madidos
835 1498 1091 1549 septemfluus
1121 1510 1235 1549 agros

225 1554 337 1593 Nilus
368 1561 408 1594 et
438 1557 598 1606 antiquo
631 1568 701 1595 sua
731 1555 890 1594 flumina
922 1556 1092 1595 reddidit
1121 1557 1254 1609 alveo,

225 1613 488 1665 Aetherioque
519 1626 659 1653 recens
691 1616 836 1653 exarsit
866 1614 994 1654 sidere
1025 1614 1165 1668 limus,

138 1677 206 1709 425
228 1671 400 1711 Plurima
432 1673 605 1712 cultores
636 1675 759 1712 versis
791 1673 969 1712 animalia
1000 1673 1146 1724 glaebis

226 1730 434 1770 Inveniunt
451 1762 462 1783 ,
494 1737 534 1770 et
564 1733 604 1770 in
635 1731 696 1770 his
717 1731 905 1782 quaedam
925 1732 1039 1770 modo
1067 1737 1203 1783 coepta
1223 1731 1296 1771 sub
1316 1733 1445 1784 ipsum

225 1788 419 1828 Nascendi
449 1791 647 1843 spatium,
679 1790 867 1841 quaedam
891 1791 1107 1841 inperfecta
1138 1792 1298 1842 suisque

226 1847 383 1886 Trunca
408 1848 541 1887 vident
572 1850 747 1887 numeris
764 1879 776 1901 ‚
808 1853 847 1887 et
885 1848 1022 1887 eodem
1060 1851 1100 1888 in
1132 1861 1297 1900 corpore
1329 1861 1444 1902 saepe

224 1906 355 1945 Altera
386 1918 476 1958 pars
507 1908 628 1959 vivit,
659 1907 769 1945 rudis
800 1912 861 1945 est
889 1918 981 1958 pars
1012 1907 1133 1946 altera
1164 1907 1302 1946 tellus.

137 1971 206 2003 430
227 1964 380 2016 Quippe
411 1965 478 2004 ubi
510 1967 741 2016 temperiem
777 1977 981 2016 sumpsere
1013 1978 1205 2017 umorque
1238 1966 1444 2020 calorque,

226 2023 460 2074 Concipiunt
477 2055 489 2076 ‚
521 2029 560 2062 et
590 2023 637 2062 ab
669 2024 730 2062 his
761 2024 944 2062 oriuntur
976 2030 1117 2064 cuncta
1149 2024 1324 2064 duobus.

226 2081 402 2133 Cumque
434 2083 485 2121 sit
516 2083 617 2133 ignis
637 2094 759 2133 aquae
777 2094 933 2133 pugnax
951 2113 963 2135 ‚
993 2095 1111 2134 vapor
1131 2083 1287 2122 umidus
1308 2095 1443 2124 omnes

224 2138 301 2178 Res
334 2146 470 2192 creat,
502 2146 541 2179 et
572 2140 723 2180 discors
756 2140 963 2180 concordia
995 2141 1140 2181 fetibus
1171 2147 1260 2193 apta
1290 2147 1372 2181 est.

223 2197 327 2248 Ergo
359 2198 428 2237 ubi
459 2199 603 2238 diluvio
634 2199 751 2238 tellus
782 2198 974 2238 lutulenta
1005 2202 1156 2240 recenti

135 2263 203 2295 435
225 2256 381 2295 Solibus
414 2257 597 2296 aetheriis
630 2257 810 2308 almoque
842 2258 1049 2297 recanduit
1079 2264 1214 2312 aestu,

222 2314 354 2353 Edidit
384 2315 611 2354 innumeras
642 2318 793 2367 species
812 2347 823 2369 ,
853 2318 1073 2368 partimque
1105 2318 1250 2368 figuras
