1554 2563
590 111 666 156 ΙΙΙ,
693 109 858 146 728—IV
872 138 881 154 ‚
908 114 950 145 61
968 137 976 145 .
1068 121 1131 143 rm
1145 135 1153 144 .
1179 120 1304 142 ‘suisne
1394 105 1448 146 67

163 230 207 262 25
229 222 334 261 Colla
367 223 515 274 premis
545 221 730 273 lyncum.
768 219 937 259 bacchae
969 220 1167 271 satyrique
1205 224 1449 269 sequuntur,

229 281 383 332 Quique
418 292 538 319 senex
564 279 688 318 serula
720 278 934 319 titubantes
959 277 1093 317 ebrius
1124 282 1233 316 artus

231 339 408 378 Sustinet
439 345 478 378 et
508 338 636 390 pando
669 350 746 376 non
779 338 935 376 sortiter
966 336 1103 375 haeret
1132 335 1273 374 asello.

230 397 485 448 Quacumque
511 396 760 449 ingrederis,
792 396 937 435 clamor
968 394 1156 433 iuvenalis
1188 399 1227 433 et
1257 405 1334 432 una

229 456 435 496 Femineae
467 468 582 495 voces
613 454 847 506 inpulsaque
878 460 1058 505 tympana
1084 453 1222 504 palmis

159 523 205 555 30
225 514 480 566 Concavaque
512 526 601 553 aera
632 519 772 552 sonant
801 513 995 564 longoque
1027 512 1216 551 foramine
1247 510 1398 550 buxus.

231 571 426 613 ‘Placatus
457 569 657 624 m-itisque'
690 577 829 623 rogant
859 570 1074 610 Ismenides
1106 567 1224 608 ‘adsis
1238 566 1262 620 ,⁹

234 632 421 683 iussaque
454 644 563 670 sacra
596 631 731 670 colunt
750 661 758 670 .
797 629 899 669 solae
925 628 1138 680 MInyeides
1170 629 1276 666 intus

230 691 506 742 Intempestiva
537 689 741 729 turbantes
772 690 871 728 festa
902 688 1073 727 Minerva

230 751 308 789 Aut
338 749 488 788 ducunt
518 748 624 787 lanas
642 780 653 801 ‚
685 753 751 787 aut
782 748 945 786 stamina
976 746 1116 798 pollice
1149 751 1329 797 versant,

170 816 214 850 35
234 809 312 847 Aut
343 808 507 846 haerent
537 807 636 846 telae
668 806 909 857 famulasque
941 805 1141 843 laboribus
1172 808 1365 855 urguent.

231 867 261 906 E
295 866 437 918 quibus
468 878 545 905 una
576 865 651 905 levi
682 865 880 904 deducens
911 864 1051 915 pollice
1082 863 1191 902 filum

232 923 349 964 ‘Dum
380 930 536 964 cessant
573 924 668 963 aliae
701 929 997 973 commentaque
1035 933 1145 961 sacra
1181 921 1455 971 frequentant,

232 984 311 1024 Nos
332 996 489 1035 quoque
507 1015 518 1036 ‚
551 995 646 1034 quas
666 982 814 1034 Pallas,
841 982 979 1020 melior
998 980 1093 1033 dea,
1119 979 1292 1031 detinet,
1293 974 1306 993 '
1327 978 1456 1029 inquit

237 1041 356 1082 ‘Utile
389 1054 487 1094 opus
519 1054 704 1080 manuum
736 1042 842 1079 vario
875 1051 1055 1079 sermone
1086 1038 1281 1089 levemus,

168 1111 214 1143 40
233 1102 388 1152 Perque
420 1102 525 1139 vices
557 1099 702 1150 aliquid
722 1131 732 1151 ,
764 1097 868 1150 quod
899 1104 1076 1149 tempora
1106 1097 1220 1147 longa
1250 1094 1374 1134 videri

232 1160 320 1200 Non
352 1161 482 1211 sinat,
512 1160 553 1197 in
585 1159 756 1197 medium
794 1169 934 1196 vacuas
971 1157 1189 1195 reseramus
1221 1153 1267 1193 ad
1300 1148 1455 1192 aures.⁹

235 1219 346 1258 Dicta
376 1217 574 1270 probant,
599 1219 843 1268 primamque
875 1215 1014 1254 iubent
1044 1226 1203 1253 narrare
1237 1224 1414 1251 sorores.

235 1277 332 1329 Illa,
365 1276 458 1327 quid
491 1289 511 1315 e
543 1276 677 1314 multis
709 1276 855 1314 referat
872 1306 883 1327 ,
914 1286 1003 1313 nam
1034 1273 1202 1325 plurima
1234 1276 1368 1322 norat,

235 1336 409 1387 Cogitat.
429 1341 468 1374 et
487 1334 605 1373 dubia
625 1340 707 1387 est,
727 1334 773 1372 de
795 1339 832 1372 te
845 1365 856 1385 ,
876 1332 1107 1384 Babylonia,
1127 1336 1281 1383 narret,
1302 1337 1453 1364 cxxxiv

171 1402 214 1434 45
235 1394 392 1433 Derceti
410 1425 420 1445 ,
454 1405 568 1444 quam
600 1405 711 1431 versa
743 1393 914 1443 squamis
945 1391 1164 1430 velantibus
1196 1395 1304 1427 artus

239 1453 385 1504 Stagna
415 1452 625 1490 Palaestini
656 1450 824 1490 credunt
854 1456 1022 1488 motasse
1053 1449 1200 1499 figura:

236 1513 294 1550 An
325 1512 447 1561 magis
465 1542 477 1563 ,
507 1516 552 1549 ut
583 1511 748 1561 sumptis
779 1508 882 1547 illius
909 1508 984 1546 filia
1016 1508 1156 1558 pennis
1307 1512 1336 1539 t.
1357 1520 1458 1538 xxxv.

238 1570 447 1608 Extremos
479 1568 576 1607 albis
607 1569 647 1607 in
679 1566 856 1606 turribus
888 1567 1012 1617 egerit
1044 1576 1189 1603 annos:

238 1628 330 1667 Nais
348 1640 396 1666 an
416 1634 461 1666 ut
479 1632 596 1666 cantu
617 1627 858 1676 nimiumque
879 1623 1104 1676 potentibus
1125 1621 1258 1661 herbis
1296 1629 1324 1656 f.
1345 1628 1458 1655 xxxvi.

174 1695 218 1727 50
239 1687 412 1726 Verterit
442 1688 482 1725 in
514 1687 654 1724 tacitos
685 1683 877 1723 iuvenalia
902 1694 1066 1734 corpora
1096 1683 1247 1733 pis-ces,

240 1745 372 1784 Donec
404 1744 507 1783 idem
539 1755 651 1795 passa
678 1749 766 1782 est:
798 1754 846 1780 an
865 1773 877 1795 ‚
907 1753 1005 1793 quae
1038 1752 1151 1792 poma
1182 1738 1266 1777 alba
1286 1737 1459 1790 ferebat,

237 1804 289 1843 Ut
319 1815 424 1842 nunc
455 1805 566 1854 nigra
599 1803 699 1841 serat
730 1806 912 1840 contactu
943 1800 1143 1850 sanguinis
1174 1797 1312 1836 arbor.

238 1862 320 1901 Hoc
351 1861 505 1913 placet.
528 1861 673 1913 hanc,
706 1860 887 1911 quoniam
919 1858 1089 1909 vulgaris
1113 1855 1241 1895 fabula
1268 1867 1344 1896 non
1378 1861 1460 1907 est,

240 1920 400 1959 Talibus
432 1932 521 1958 orsa
551 1919 706 1969 modis,
737 1918 823 1957 lana
854 1929 923 1956 sua
956 1916 1014 1954 fila
1048 1921 1260 1966 sequente.

179 1987 221 2018 55
244 1977 450 2031 ‘Pyramus
481 1984 520 2017 et
551 1977 725 2029 Thisbe,
757 1978 942 2015 iuvenum
973 1974 1262 2026 pulcherrimus
1295 1972 1414 2023 alter,

239 2037 369 2076 Altera
387 2068 398 2089 ,
431 2049 527 2088 quas
558 2037 689 2075 oriens
714 2034 850 2073 habuit
868 2065 879 2087 ‚
911 2032 1081 2085 praelata
1111 2030 1275 2083 puellis,

240 2095 451 2145 contiguas
483 2102 648 2134 tenuere
680 2093 847 2145 domos,
874 2091 940 2131 ubi
973 2091 1117 2129 dicitur
1149 2089 1263 2128 altam

240 2153 454 2194 coctilibus
484 2154 609 2192 muris
640 2153 810 2191 cinxisse
837 2124 1068 2189 Semiramis
1099 2147 1262 2187 urbem.

241 2212 429 2251 Notitiam
459 2213 687 2263 primosque
720 2209 863 2261 gradus
894 2209 1032 2247 vicinia
1066 2207 1182 2246 fecit:

178 2279 222 2310 eo
241 2270 436 2322 Tempore
467 2271 591 2308 crevit
621 2280 759 2307 amor.
797 2267 930 2325 taedae
964 2277 1120 2317 quoque
1151 2265 1238 2303 iure
1270 2264 1463 2323 cois‘sent:

243 2328 320 2367 Sed
350 2335 511 2367 vetuere
541 2333 675 2379 patres
695 2357 704 2365 .
749 2325 853 2377 quod
884 2336 962 2364 non
993 2329 1158 2376 potuere
1189 2329 1344 2376 vetare,

1135 2389 1181 2422 5*

1525 2283 1554 2293 s·-
