1554 2563
112 144 194 186 196
353 157 506 180 osmi-:us
661 143 876 179 METAMM
889 170 899 180 .

527 332 709 386 LIBER
745 332 1038 387 DECIMUS.

228 431 322 471 Inde
354 443 425 483 per
456 432 681 470 inmensum
713 443 852 470 croceo
886 431 1034 470 velatus
1066 433 1209 470 amictu

227 490 398 529 Aethera
429 490 677 543 digreditur,
709 490 975 541 Ciconumque
1007 489 1253 541 Hymenaeus
1285 490 1330 529 ad
1364 502 1452 529 oras

228 549 399 601 Tendit,
432 556 471 588 et
502 548 657 600 Orphea
688 550 927 599 nequiquam
959 561 1052 587 voce
1083 556 1266 588 vocatur.

230 609 351 647 Affuit
382 608 446 646 ille
478 607 665 660 quidem,
697 607 765 646 sed
798 620 870 646 nec
903 608 1104 646 sollemnia
1135 606 1253 646 verba

188 674 208 705 5
229 666 310 705 Nec
341 666 463 705 laetos
494 666 624 706 vultus
657 678 729 705 nec
761 666 852 704 felix
884 666 1014 705 attulit
1044 678 1181 705 omen.

230 725 308 764 Fax
340 737 496 776 quoque
515 757 526 778 ‚
558 737 674 776 quam
706 727 857 777 tenuit,
889 725 1094 763 lacrimoso
1127 724 1289 764 stridula
1322 725 1427 764 fumo

233 783 363 834 Usque
395 785 497 836 fuit,
530 784 736 835 nullosque
761 784 910 823 invenit
940 783 1111 822 motibus
1143 785 1275 834 ignes.

232 842 371 881 Exitus
404 843 577 894 auspicio
608 844 791 894 gravior.
830 854 920 881 nam
951 848 1072 893 nupta
1102 854 1173 893 per
1205 842 1347 881 herbas

231 902 332 940 Dum
363 913 461 940 nova
492 901 674 940 naiadum
705 900 819 941 turba
851 902 1033 940 comitata
1064 906 1248 952 vagatur.

171 969 211 999 10
232 960 385 999 Occidit
415 962 455 998 in
487 960 608 999 talum
640 961 836 1012 serpentis
868 960 985 999 dente
1017 966 1199 1011 recepto.

232 1019 358 1065 Quam
390 1020 482 1058 satis
515 1019 562 1058 ad
593 1031 756 1071 superas
788 1024 996 1070 postquam
1028 1018 1278 1070 Rhodopeius
1311 1031 1424 1058 auras

232 1078 394 1116 Dessevit
418 1085 526 1117 vates
544 1110 555 1130 ,
586 1090 635 1117 ne
668 1090 746 1116 non
778 1083 988 1129 temptaret
1019 1084 1059 1116 et
1089 1077 1272 1130 umbras,

232 1136 288 1175 Ad
321 1135 438 1187 Styga
468 1136 656 1175 Taenaria
689 1143 750 1175 est
780 1148 898 1175 ausus
931 1136 1170 1175 descendere
1201 1144 1336 1188 porta:

232 1195 386 1245 Perque
418 1195 522 1234 leves
554 1195 718 1246 populos
751 1195 1037 1246 simulacraque
1074 1195 1206 1234 functa
1245 1195 1452 1247 sepulchro

169 1262 211 1292 15
231 1253 511 1304 Persephonen
543 1254 637 1292 adiit
667 1255 949 1304 inamoenaque
980 1266 1100 1304 regna
1132 1260 1331 1293 tenentem

234 1311 470 1351 Umbrarum
501 1312 702 1351 dominum
722 1344 730 1351 .
767 1312 970 1363 pulsisque
1003 1312 1050 1350 ad
1083 1314 1254 1350 carmina
1286 1314 1416 1351 nervis

234 1370 298 1410 Sic
330 1373 411 1410 ait:
444 1369 481 1408 ‘o
512 1372 629 1422 positi
662 1370 735 1409 sub
767 1377 872 1409 terra
904 1372 1063 1410 numina
1095 1371 1254 1423 mundi,

233 1429 277 1468 In
309 1441 427 1480 quem
457 1429 695 1469 reccidimus
713 1461 724 1481 ‚
757 1429 942 1480 quicquid
974 1429 1137 1468 mortale
1170 1441 1372 1469 creamur·

235 1488 276 1527 Si
307 1488 428 1541 licet,
460 1494 500 1527 et
531 1488 616 1527 falsi
647 1489 785 1539 positis
818 1487 1044 1539 ambagibus
1076 1489 1155 1526 oris

171 1555 213 1585 20
236 1546 333 1586 Vera
364 1546 471 1598 loqui
504 1548 631 1586 sinitis
649 1579 660 1599 ‚
691 1559 770 1585 non
801 1546 879 1586 huc
897 1579 908 1599 ‚
939 1553 984 1585 ut
1015 1559 1133 1598 opaca
1165 1547 1337 1586 viderem

233 1606 395 1644 Tartara
413 1637 424 1658 ,
455 1605 670 1657 desce11di3
701 1617 775 1644 nec
807 1607 864 1644 uti
896 1605 1028 1644 villosa
1061 1604 1232 1644 colubris

235 1664 366 1703 Terna
396 1664 595 1703 Medusaei
626 1665 816 1703 vincirem
847 1670 1006 1715 guttura
1037 1666 1225 1703 monstri.

235 1722 360 1762 Causa
391 1724 474 1761 viae
506 1724 677 1762 coniunx
695 1755 707 1774 ‚
737 1724 777 1761 in
811 1735 925 1773 quam
958 1722 1103 1761 calcata
1134 1735 1326 1762 venenum

233 1781 374 1832 Vipera
405 1781 588 1833 diffudit,
620 1787 922 1832 crescentesque
955 1781 1115 1820 abstulit
1146 1793 1291 1820 annos.

169 1848 211 1878 25
233 1840 353 1878 Posse
384 1842 465 1891 pati
496 1840 629 1892 volui,
661 1852 733 1879 nec
765 1852 826 1878 me
853 1847 1064 1891 temptasse
1096 1840 1269 1891 negabo:

235 1897 335 1937 Vicit
364 1899 511 1937 Amor.
550 1910 692 1950 supera
723 1899 820 1938 deus
850 1898 914 1937 hic
946 1898 1046 1937 bene
1066 1905 1182 1938 notus
1214 1901 1254 1937 in
1275 1911 1342 1938 ora
1374 1907 1455 1938 est:

234 1959 292 1995 An
311 1959 362 1996 sit
381 1963 421 1996 et
440 1956 504 1996 h-ic
522 1988 533 2009 ,
565 1957 701 1996 dubito
721 1971 731 2009 3
763 1956 831 1995 sed
864 1964 902 1996 et
920 1956 984 1995 hic
1005 1963 1133 1995 tamen
1153 1970 1325 2008 auguror
1345 1970 1456 2010 esse,

237 2014 430 2066 Famaque
463 2017 496 2054 si
527 2017 671 2054 veteris
703 2027 781 2054 non
814 2022 874 2054 est
905 2017 1067 2054 mentita
1100 2018 1281 2068 rapinae,

235 2073 309 2113 Vos
341 2086 499 2125 quoque
528 2076 657 2113 iunxit
687 2086 823 2112 amor.
861 2086 932 2125 per
964 2086 1035 2124 ego
1067 2074 1162 2113 haec
1194 2074 1277 2113 loca
1308 2075 1421 2126 plena

1281 2135 1456 2186 timoris,

170 2198 214 2230 30
234 2190 310 2229 Per
343 2190 468 2230 Chaos
499 2191 573 2230 hoc
604 2193 743 2242 ingens
775 2193 950 2241 vastique
983 2190 1137 2230 silentia
1169 2193 1303 2243 regni,

234 2248 448 2300 Eurydices
466 2281 478 2301 ,
509 2261 578 2288 oro
597 2281 609 2301 ,
639 2256 847 2301 properata
877 2251 1042 2288 retexite
1075 2250 1173 2289 fata.

235 2306 374 2345 Omnia
406 2307 600 2347 debentur
631 2308 740 2346 vobis
758 2340 769 2360 ‚
799 2307 1036 2359 paulumque
1069 2310 1210 2348 morati

236 2364 371 2404 Serius
404 2372 470 2404 aut
502 2367 617 2405 citius
650 2366 782 2404 sedem
813 2378 1070 2417 properamus
1102 2366 1149 2405 ad
1181 2378 1320 2406 unam.
