1554 2563
603 110 652 145 IX
669 138 675 154 ‚
702 115 888 147 257—358
903 138 910 146 .
1056 125 1190 147 muron
1338 111 1421 153 183

200 219 277 260 Ore
297 221 399 272 parit
418 235 428 273 ;
454 227 685 272 nostrasque
707 220 842 260 domos
861 253 871 273 ,
898 227 941 260 ut
961 227 1000 260 et
1021 227 1133 275 ante,
1159 221 1382 272 frequentat
1398 217 1422 259 .'

258 279 390 332 Dixit,
421 285 460 318 et
492 279 691 319 admonitu
723 282 866 318 veteris
899 286 1092 320 commota
1123 281 1325 320 ministrae

111 346 179 378 325
201 337 423 389 Ingemuit.
462 350 578 389 quam
611 340 667 377 sic
698 350 823 378 nurus
856 344 915 377 est
947 340 1059 378 affata
1091 338 1311 379 dolentem:

200 394 269 435 ‘Te
302 402 431 435 tamen
451 429 462 449 ,
494 409 515 435 o
548 398 755 449 genetriX,
787 396 933 436 alienae
967 399 1154 448 sanguine
1187 402 1322 436 nostro

199 455 321 507 Rapta
352 460 481 494 movet
513 456 631 495 facies
651 486 659 494 .
699 456 790 506 quid
824 457 856 494 si
888 455 958 495 tibi
990 458 1086 495 mira
1120 457 1267 495 sororis

198 514 289 553 Fata
322 526 429 553 meae
456 515 623 553 reseram
644 511 665 553 P
697 527 932 565 quamquam
952 514 1212 566 lacrimaeque
1234 514 1422 566 dolorque

198 572 449 625 Impediunt,
480 572 768 624 prohibentque
800 573 936 624 loqui.
974 574 1049 612 suit
1081 575 1196 613 unica
1227 574 1343 613 matri
1368 595 1423 601 —

110 640 178 672 330
198 631 258 670 Me
290 637 401 682 pater
433 643 478 670 ex
512 631 583 670 alia
615 634 749 683 genuit
782 654 836 659 -—
870 633 1071 671 notissima
1102 633 1227 672 forma

199 689 452 729 Oechalidum
485 689 668 742 Dryope.
708 703 823 741 quam
855 692 1075 742 virginitate
1108 697 1307 730 carentem

198 748 361 799 Vimque
395 749 456 787 dei
489 761 642 800 passam
674 748 844 800 Delphos
876 749 1076 801 Delonque
1109 751 1280 789 tenentis

199 807 353 858 Excipit
385 807 631 846 Andraemon
651 839 662 860 ‚
694 814 733 847 et
765 807 931 847 habetur
964 810 1129 860 coniuge
1162 808 1276 848 felix.

200 865 270 905 Est
302 866 408 905 lacus
428 898 439 918 ‚
470 867 628 905 acclinis
661 867 807 905 devexo
841 869 1014 918 margine
1047 868 1211 906 sormam

110 932 178 965 335
200 924 343 964 Litoris
376 925 581 965 efficiens:
613 937 810 965 summum
842 932 1009 977 myrteta
1041 932 1254 965 coronant.

200 983 368 1023 Venerat
399 983 475 1023 huc
508 983 661 1036 Dryope
695 985 864 1023 satorum
897 986 1057 1037 nescia,
1089 996 1247 1036 quoque

200 1042 407 1093 Indignere
439 1044 561 1094 magis
580 1074 591 1096 ,
622 1043 803 1094 nymphis
834 1043 960 1082 latura
993 1055 1181 1095 coronas;

200 1101 321 1151 Inque
356 1103 443 1140 sinu
469 1113 666 1154 puerum,
700 1103 765 1152 qui
794 1102 967 1141 nondum
1000 1101 1227 1153 impleverat
1254 1113 1420 1155 annum,

200 1159 321 1198 Dulce
355 1159 505 1199 serebat
536 1172 635 1199 onus
667 1160 866 1211 tepidique
900 1173 972 1211 ope
1006 1160 1116 1199 lactis
1149 1159 1296 1200 alebat.

110 1226 179 1257 34¹5·
201 1217 312 1257 Haud
346 1218 482 1269 procul
516 1231 535 1257 a
568 1224 704 1270 stagno
737 1218 876 1270 Tyrios
908 1220 1055 1258 imitata
1089 1218 1241 1258 colores

199 1276 243 1315 In
276 1289 384 1328 spem
417 1276 601 1316 bacarum
633 1277 796 1316 florebat
828 1279 1004 1328 aquatica
1036 1277 1158 1316 lotos.

202 1334 409 1387 Carpserat
441 1336 532 1375 hinc
563 1336 715 1388 Dryope
736 1368 746 1388 ,
778 1348 878 1387 quos
910 1336 1166 1375 oblectamina
1198 1342 1288 1376 nato

198 1393 424 1445 Porrigeret
443 1426 453 1446 ,
485 1394 631 1434 flores:
663 1401 702 1434 et
733 1394 836 1434 idem
868 1395 1018 1434 factura
1049 1394 1239 1435 videbar:
1271 1416 1326 1423 ·—

199 1452 374 1503 Namque
407 1453 562 1492 aderam
594 1475 650 1480 —
682 1453 759 1492 vidi
792 1459 921 1504 guttas
953 1466 973 1492 e
1005 1453 1101 1492 ssore
1135 1459 1318 1493 cruentas

110 1519 179 1551 345
200 1510 388 1549 Decidere
422 1518 460 1551 et
491 1511 660 1551 tremulo
693 1523 823 1550 ramos
855 1511 1019 1550 horrore
1051 1513 1224 1551 moveri.

201 1569 386 1622 Scilicet,
418 1575 461 1609 ut
492 1570 671 1609 referunt
701 1570 802 1609 tardi
833 1582 939 1609 nunc
971 1570 1139 1621 denique
1172 1576 1370 1624 agrestes,

199 1628 308 1667 Lotis
338 1629 378 1667 in
411 1629 510 1668 hanc
542 1628 710 1680 nymphe
730 1660 740 1679 ,
772 1629 926 1680 fugiens
959 1628 1127 1668 obscena
1159 1628 1313 1683 Priapi,

200 1686 426 1727 Contulerat
457 1699 591 1726 versos
610 1719 620 1739 ‚
653 1692 806 1726 servato
838 1688 1025 1740 nomine,
1057 1687 1210 1726 vultus.
1245 1697 1266 1723 f.
1285 1696 1422 1724 cxxxix.

199 1745 400 1784 Nescierat
433 1758 545 1785 soror
576 1745 679 1785 hoc.
719 1758 816 1796 quae
849 1758 937 1785 cum
970 1747 1180 1797 perterrita
1212 1751 1318 1785 retro

111 1811 180 1844 350
201 1803 261 1842 Ire
294 1809 333 1843 et
364 1805 533 1844 adoratiS
565 1804 680 1843 vellet
712 1804 914 1843 discedere
947 1804 1153 1857 nymphis,

199 1862 421 1903 Haeserunt
453 1862 583 1902 radice
615 1862 764 1914 pedes.
804 1862 1022 1902 convellere
1055 1868 1225 1914 pugnat:

200 1920 280 1960 Nec
302 1923 511 1973 quicquam
524 1953 535 1974 ,
560 1922 636 1960 nisi
657 1933 807 1960 summa
826 1927 955 1960 movet
976 1952 984 1960 .
1012 1921 1232 1961 subcrescit
1251 1921 1298 1961 ab
1324 1923 1401 1962 imo

199 1979 374 2030 Totaque
406 1980 591 2032 paulatim
623 1980 752 2019 lentus
784 1980 927 2031 premit
958 1981 1118 2031 inguina
1150 1986 1308 2020 cortex.

199 2037 250 2077 Ut
280 2039 404 2091 vidit,
437 2045 573 2078 conata
605 2051 723 2078 manu
754 2038 899 2077 laniare
931 2038 1115 2090 capillos,

111 2103 179 2136 355
200 2096 353 2136 Fronde
397 2109 556 2137 manum
605 2096 808 2149 implevit:
858 2096 1018 2136 frondes
1069 2103 1184 2148 caput
1234 2109 1348 2137 omne

1218 2156 1424 2196 tenebant.

199 2214 248 2254 At
278 2227 377 2266 puer
408 2215 666 2268 Amphissos,
698 2226 865 2265 namque
897 2214 972 2253 hoc
1004 2226 1098 2254 avus
1130 2213 1303 2267 Eurytus
1336 2215 1387 2254 illi

199 2273 410 2313 Addiderat
441 2286 583 2313 nomen
603 2305 614 2325 ,
645 2279 820 2312 materna
852 2274 1050 2324 rigescere
1083 2275 1202 2312 sentit

199 2330 357 2384 Ubera;
388 2344 460 2371 nec
493 2333 672 2384 sequitur
704 2331 912 2371 ducentem
943 2331 1091 2371 lacteus
1124 2343 1258 2371 umor.

1415 1955 1425 1976 t
