1554 2563
128 116 183 157 86
356 129 502 151 museus
682 114 893 151 METAMM
905 143 913 150 .

245 225 413 265 Vulnere
445 226 548 265 laesa
579 228 685 277 gravi
716 227 830 266 modo
863 239 904 266 se
937 226 1115 266 sublimis
1146 229 1186 267 in
1219 239 1332 267 auras

245 284 394 326 Attollit
411 316 422 336 ,
453 284 567 323 modo
600 284 731 324 subdit
762 287 873 336 aquis
891 316 903 338 ,
933 286 1047 325 modo
1080 298 1188 325 more
1221 287 1363 326 ferocis

247 341 382 382 Versat
413 346 526 395 apri,
558 355 675 395 quem
706 344 820 383 turba
859 356 999 383 canum
1039 346 1283 384 circumsona
1316 352 1464 384 terret.

243 400 310 440 ille
342 401 474 440 avidos
506 413 661 442 morsus
693 402 891 442 velocibus
925 404 1060 453 effugit
1092 403 1185 443 alis:

160 463 228 498 7:25
244 460 407 511 Quaque
425 466 561 512 patent
578 492 590 513 ,
615 472 720 500 nunc
747 467 855 512 terga
876 463 978 500 cavis
999 473 1119 513 super
1139 462 1264 501 obsita
1284 461 1467 515 conchis,

244 518 357 558 Nunc
390 518 558 558 laterum
590 525 717 559 costas
736 551 747 572 ,
779 532 885 559 nunc
919 532 995 571 qua
1026 522 1255 559 tenuissima
1287 521 1407 560 cauda

245 577 397 616 Desinit
426 579 467 617 in
498 579 647 629 piscem
665 611 676 630 ,
708 578 846 617 falcato
878 577 1060 617 verberat
1091 591 1207 618 ense.

244 635 363 675 Belua
393 637 561 688 puniceo
593 638 735 676 mixtos
768 649 857 676 cum
889 639 1076 689 sanguine
1108 637 1252 677 fluctus

245 694 322 733 Ore
354 697 502 735 vomit.
540 695 726 734 maduere
757 708 893 747 graves
925 698 1129 747 aspergine
1162 708 1335 748 pennae3

160 761 226 792 730
246 753 326 792 Nec
358 753 502 793 bibulis
535 754 637 793 ultra
668 753 838 793 Perseus
870 754 1057 794 talaribus
1090 767 1208 794 ausus

245 811 415 851 Credere
433 844 444 865 ,
478 814 682 864 conspexit
712 812 916 865 scopulum
934 845 945 866 ,
978 815 1045 864 qui
1076 815 1222 852 vertice
1255 826 1406 853 summo

245 870 446 910 Stantibus
479 877 585 910 extat
615 872 726 922 aquis
745 903 756 924 ,
787 873 964 923 operitur
996 872 1042 910 ab
1076 884 1245 923 aequore
1278 879 1407 912 moto.

242 929 364 969 Nixus
398 942 443 969 eo
475 931 664 982 rupisque
696 936 834 969 tenens
866 932 954 982 iuga
985 932 1109 982 prima
1142 932 1300 970 sinistra

243 988 321 1027 Ter
354 994 492 1039 quater
523 990 652 1040 exegit
682 990 848 1040 repetita
880 1002 951 1040 per
982 989 1045 1028 ilia
1076 990 1248 1028 serrum.

157 1054 223 1087 735
244 1046 376 1086 Litora
408 1059 497 1087 cum
528 1048 667 1099 plausu
700 1048 845 1086 clamor
871 1060 1112 1099 superasque
1145 1048 1308 1087 deorum

244 1105 457 1157 Implevere
492 1106 627 1145 domos
648 1137 657 1145 .
696 1107 889 1158 gaudent,
921 1118 1189 1158 generumque
1222 1107 1389 1146 salutant

245 1165 517 1216 Auxiliumque
551 1165 688 1203 domus
721 1171 1039 1216 servatoremque
1073 1166 1247 1204 fatentur

245 1222 428 1275 Cassiope
461 1222 719 1275 Cepheusque
751 1230 862 1275 pater
882 1255 890 1262 .
928 1224 1100 1263 resoluta
1133 1225 1281 1262 catenis

243 1281 393 1321 Incedit
424 1283 531 1333 virgo
550 1314 561 1335 ,
592 1284 842 1333 pretiumque
876 1288 914 1321 et
946 1295 1060 1321 causa
1092 1281 1258 1321 laboris.

157 1348 223 1379 ’140
244 1340 331 1391 Ipse
358 1352 496 1379 manus
528 1341 665 1379 hausta
697 1342 879 1380 victrices
911 1340 1032 1380 abluit
1064 1341 1189 1380 unda:

243 1400 577 1450 Anguiserumque
610 1407 727 1450 caput
758 1400 855 1438 dura
886 1411 935 1438 ne
966 1399 1092 1439 laedat
1122 1399 1290 1453 harena,

244 1457 366 1497 Mollit
396 1458 559 1497 humum
592 1458 694 1497 soliis
713 1490 724 1509 ,
750 1464 939 1509 natasque
971 1457 1044 1497 sub
1077 1470 1246 1509 aequore
1279 1460 1405 1510 virgas

244 1516 423 1568 Sternit,
455 1523 494 1556 et
524 1518 677 1568 inponit
707 1516 974 1568 Phorcynidos
1007 1528 1075 1556 ora
1106 1516 1312 1556 Medusae.

244 1574 357 1625 Virga
389 1587 527 1614 recens
558 1575 767 1626 bibulaque
801 1578 1013 1615 etiamnum
1044 1577 1127 1615 viva
1159 1575 1327 1614 medulla
1370 1583 1397 1610 t.
1418 1583 1451 1609 lii

156 1642 223 1674 '145
244 1633 328 1672 Vim
360 1636 490 1685 rapuit
521 1636 716 1687 monstri,
748 1640 931 1686 tactuque
962 1634 1141 1673 induruit
1171 1634 1312 1688 liuius,

243 1693 504 1744 Percepitque
536 1705 679 1731 novum
711 1694 828 1732 rarnis
861 1699 900 1733 et
931 1692 1069 1732 fronde
1100 1694 1295 1744 rigorem.

243 1753 292 1790 At
322 1751 448 1802 pelagi
479 1751 670 1803 nymphae
703 1752 847 1790 sactum
880 1751 1055 1790 mirabile
1087 1757 1279 1803 temptant

243 1809 428 1848 Pluribus
460 1811 500 1848 in
532 1811 679 1862 virgis,
711 1817 750 1848 et
781 1810 885 1849 idem
917 1812 1144 1861 contingere
1178 1810 1370 1862 gaudent,

245 1868 479 1919 Seminaque
512 1880 559 1907 ex
589 1868 665 1907 illis
696 1869 840 1907 iterant
870 1870 1008 1907 iactata
1039 1881 1110 1920 per
1142 1868 1288 1908 undas.

157 1935 223 1967 ‘150
245 1926 357 1966 Nunc
389 1939 545 1978 quoque
577 1926 733 1966 curaliis
766 1927 899 1966 eadem
932 1933 1069 1966 natura
1100 1929 1309 1979 remansit,

247 1986 435 2025 Duritiam
467 1992 570 2025 tacto
604 1987 757 2037 capiant
788 1992 832 2025 ut
863 1985 909 2024 ab
943 1989 1032 2025 aere
1049 2017 1061 2038 ,
1094 1985 1276 2037 quodque

247 2043 381 2083 Vimen
413 2046 452 2083 in
485 2056 654 2095 aequore
687 2050 799 2097 erat,
830 2044 896 2083 fiat
926 2056 1046 2095 super
1077 2056 1246 2095 aequora
1278 2057 1434 2084 saxum.

303 2103 370 2142 Dis
404 2102 530 2142 tribus
561 2102 625 2142 ille
658 2102 765 2141 socos
797 2102 960 2142 totidem
992 2103 1040 2142 de
1072 2104 1242 2154 caespite
1275 2104 1406 2155 ponit,

246 2161 414 2200 Laevum
446 2161 640 2200 Mercurio
659 2193 671 2213 ,
703 2161 883 2200 dextrum
915 2160 985 2200 tibi
1004 2193 1014 2213 ,
1046 2160 1185 2200 bellica
1216 2163 1348 2214 virgo;

159 2227 225 2258 755
247 2220 322 2258 Ara
352 2220 453 2258 lovis
487 2220 613 2259 media
645 2226 733 2259 est.
771 2225 963 2259 mactatur
995 2231 1110 2259 vacca
1140 2219 1359 2272 Minervae,

247 2277 397 2329 Alipedi
431 2278 602 2330 vitulus,
636 2285 771 2317 taurus
805 2278 874 2318 tibi
892 2310 903 2331 ‚
935 2290 1086 2317 summe
1119 2278 1305 2318 deorum.

245 2336 429 2376 Protinus
463 2337 734 2376 Andromedan
767 2344 805 2376 et
839 2338 934 2376 tanti
964 2338 1136 2389 praemia
1169 2338 1260 2376 facti
