1554 2563
495 86 580 122 XIV
593 108 601 124 ,
628 84 832 116 278—350.
995 94 1092 117 mcc?
1255 80 1337 121 291

121 188 303 229 Ostendit
333 189 510 229 iuvenale
529 221 540 242 ‚
571 202 712 241 gerens
744 191 783 229 in
815 192 960 230 vertice
993 193 1148 243 picum,

30 255 98 287 315
119 247 224 287 Aede
256 260 365 287 sacra
395 250 568 300 positum
598 248 810 299 multisque
842 251 994 300 insigne
1027 252 1204 288 coronis.

120 307 216 353 Quis
249 306 380 359 soret,
412 313 452 346 et
483 319 603 358 quare
636 319 746 346 sacra
778 307 974 347 coleretur
1005 310 1045 346 in
1077 309 1194 359 aede,

120 364 199 404 Cur
229 365 329 404 hanc
362 366 485 404 ferret
514 377 622 404 avem
641 397 652 417 ‚
684 368 888 416 quaerenti
920 373 959 405 et
990 369 1090 405 scire
1123 367 1263 406 volenti

120 419 294 475 “Accipe
308 420 334 476 ,'
355 425 408 462 ait
428 421 622 463 ‘Macareu
641 455 652 476 ,
678 424 934 475 dominaeque
955 426 1128 476 potentia
1150 437 1247 476 quae
1268 427 1341 478 sit,

119 481 220 521 Hinc
252 494 408 533 quoque
441 482 547 521 disce
580 494 718 522 meae:
749 489 791 521 tu
825 483 939 522 dict-is
972 483 1080 522 adice
1113 491 1305 522 mentem.

32 547 101 578 320
179 539 296 580 Picus
328 542 368 579 in
399 541 582 580 Ausoniis
601 572 612 593 ,
642 541 773 592 proles
806 540 987 580 Saturnia
1006 574 1018 594 ‚
1048 544 1166 581 terris

120 598 203 638 Rex
234 599 337 651 fuit,
368 599 523 638 utillum
556 598 657 638 bello
690 600 888 638 studiosus
920 612 1135 651 equorum.

121 657 261 696 Forma
292 659 374 696 viro
393 689 405 709 ‚
438 669 554 708 quam
586 659 716 697 cernis
734 690 745 710 ,
777 664 861 697 erat
879 689 888 698 .
926 658 1018 698 licet
1048 661 1132 710 ipse
1158 659 1340 698 decorem

76 712 79 716 ’
119 717 294 767 Aspicias
312 747 323 768 ‚
355 716 521 767 fictaque
553 716 695 767 probes
727 716 774 755 ab
805 718 972 767 imagine
1004 729 1156 756 veram.

119 774 194 812 Par
226 775 378 813 animus
411 775 586 826 formae3
619 787 692 814 nee
724 774 850 814 adhuc
881 781 1079 827 spectasse
1117 788 1188 827 per
1221 789 1341 815 annos

32 839 99 870 325
121 832 421 884 Quinquennem
454 840 608 884 poterat
639 833 752 872 Graia
784 840 922 884 quater
953 833 1063 873 Elide
1094 847 1282 886 pugnam.

120 891 186 930 Ille
220 903 312 930 suos
345 891 509 942 dryadas
541 890 660 931 Latiis
692 893 731 931 in
764 892 964 931 montibus
995 899 1101 932 ortas

119 949 299 988 Verterat
329 951 369 988 in
401 950 532 989 vultus
551 981 562 1003 ,
594 950 702 989 illum
736 951 891 990 fontana
923 951 1108 1002 petebant

120 1007 318 1060 Numina,
349 1009 533 1060 naiades,
567 1020 663 1059 quas
695 1009 861 1062 Albula,
893 1021 1067 1061 quasque
1099 1010 1277 1062 Numici,

122 1066 226 1112 Quas
257 1068 418 1106 Anienis
450 1079 572 1117 aquae
591 1099 602 1119 ‚
635 1079 833 1118 cursuque
864 1067 1120 1107 brevissimus
1151 1069 1259 1107 Almo

33 1131 101 1162 330
120 1125 246 1163 Narve
278 1124 368 1164 tulit
398 1137 586 1176 praeceps
619 1132 658 1164 et
689 1138 831 1178 opacae
863 1125 1048 1165 Farfarus
1080 1127 1230 1178 undae,

121 1183 308 1234 Quaeque
341 1183 475 1223 colunt
507 1183 710 1235 Scythicae
742 1197 909 1235 regnum
941 1185 1136 1224 nemorale
1171 1185 1310 1224 Dianae

121 1242 403 1292 Finitimosque
435 1242 542 1281 lacus
562 1273 570 1281 .
611 1244 754 1294 spretis
786 1249 915 1282 tamen
948 1243 1128 1282 omnibus
1161 1256 1275 1282 unam

121 1300 187 1339 llle
221 1300 314 1339 colit
344 1300 540 1352 nymphen
560 1332 571 1353 ,
603 1313 719 1351 quam
750 1301 946 1352 quondam
977 1303 1017 1340 in
1049 1302 1146 1341 colle
1179 1301 1298 1341 Palati

121 1358 273 1398 Dicitur
302 1360 472 1397 innocuo
504 1361 706 1411 peperisse
737 1359 885 1398 Venilia
916 1360 1030 1399 lano.

32 1422 99 1454 335
120 1416 224 1455 Haec
255 1416 324 1455 ubi
355 1416 554 1456 nubilibus
585 1420 756 1469 primum
788 1420 977 1457 maturuit
1007 1420 1140 1470 annis,

119 1475 349 1526 Praeposito
382 1477 534 1514 cunctis
566 1475 754 1515 Laurenti
784 1476 924 1515 tradita
956 1476 1049 1515 Pico
1083 1484 1164 1517 est:

123 1534 221 1572 Rara
255 1532 413 1584 quidem
445 1535 542 1572 facie
561 1565 572 1585 ,
605 1534 673 1572 sed
705 1535 831 1573 rarior
861 1542 945 1573 arte
977 1535 1164 1587 canendi,

120 1592 230 1631 Unde
262 1591 415 1630 Canens
447 1592 549 1630 dicta
581 1599 667 1632 est.
707 1592 820 1631 silvas
853 1599 892 1631 et
922 1604 1012 1632 saxa
1043 1606 1199 1633 movere

121 1650 172 1689 Et
202 1650 376 1689 mulcere
409 1651 511 1689 feras
543 1657 582 1689 et
612 1650 771 1690 flumina
803 1652 916 1702 longa
947 1654 1091 1690 morari

33 1715 100 1746 340
121 1708 200 1748 Ore
232 1721 303 1748 suo
323 1740 334 1761 ,
364 1708 622 1759 volucresque
654 1721 768 1760 vagas
794 1712 966 1749 retinere
999 1710 1169 1751 solebat.

120 1767 227 1813 Quae
259 1768 352 1806 dum
385 1768 551 1806 feminea
584 1768 804 1807 modulatur
836 1770 1008 1807 carmina
1038 1781 1157 1821 voce,

119 1825 278 1864 Exierat
309 1831 412 1865 tecto
444 1825 661 1864 Laurentes
693 1825 809 1865 Picus
841 1829 881 1865 in
913 1839 1049 1877 agros,

119 1883 325 1934 Indigenas
358 1884 508 1923 fixurus
540 1896 684 1935 apros3
716 1891 948 1935 tergumque
981 1884 1183 1935 premebat

121 1942 233 1981 Acris
265 1944 356 1993 equi
375 1973 386 1994 ,
418 1942 600 1992 laevaque
633 1942 785 1981 hastilia
817 1943 906 1981 bina
939 1942 1112 1994 serebat,

32 2006 98 2037 345
121 1999 354 2039 Poeniceam
388 2000 491 2039 fulvo
525 2001 766 2051 chlamydem
798 2008 1025 2039 contractus
1057 2000 1104 2038 ab
1133 2013 1248 2040 auro·

118 2057 287 2098 Venerat
318 2061 356 2098 in
390 2059 503 2097 silvas
536 2065 575 2097 et
607 2059 681 2097 filia
716 2059 816 2097 Solis
848 2059 1028 2110 easdem,

118 2115 247 2167 thue
274 2129 390 2155 novas
422 2117 570 2166 legeret
602 2117 779 2155 fecundis
811 2117 974 2156 collibus
1006 2116 1171 2168 herbas,

118 2174 282 2214 Nomine
315 2175 417 2214 dicta
450 2187 520 2213 suo
554 2173 711 2214 Circaea
743 2175 955 2225 reliquerat
986 2187 1097 2214 arva.

120 2232 226 2278 Quae
260 2233 374 2272 simul
407 2245 451 2272 ac
483 2228 693 2284 iuvenem,
724 2234 901 2283 virgultis
933 2233 1091 2285 abdita,
1122 2234 1241 2287 vidit,

33 2299 99 2330 350
121 2290 346 2342 Obstipuit.
386 2291 564 2330 cecidere
597 2303 713 2330 manu
732 2323 743 2343 ,
775 2304 871 2342 quas
903 2291 1050 2342 legerat
1081 2292 1246 2332 herbas:

989 2357 1055 2392 19‘
