1554 2563
167 118 251 160 314
369 130 595 154 ΡΥΤΗΔαοΒΔε
720 118 935 154 ΜΕΤΑΜΜ
949 145 960 157 .

284 227 348 267 Vis
380 229 462 267 fera
494 233 699 267 ventorum
718 259 729 281 ‚
761 229 888 267 caecis
919 228 1070 268 inclusa
1101 230 1300 279 cavernis,

196 295 264 326 300
284 286 495 339 Exspirare
528 286 656 338 aliqua
688 288 851 338 cupiens
870 318 881 339 ‚
912 287 1137 339 luctataque
1169 287 1316 327 frustra

284 345 486 385 Liberiore
518 345 598 384 frui
629 345 734 384 caelo
753 377 764 398 ‚
796 357 885 385 cum
917 357 1076 385 carcere
1107 346 1206 385 rima

283 404 397 443 Nulla
427 405 530 443 foret
561 409 642 443 toto
674 416 747 443 nec
778 405 910 456 pervia
941 403 1098 444 flatibus
1131 410 1259 457 esset,

284 462 491 502 Extentam
522 463 726 502 tumefecit
755 462 919 502 humum
937 495 948 515 ,
975 475 1047 502 ceu
1079 464 1242 514 spiritus
1273 464 1353 502 oris

1535 0 1554 432 Qa-...n--n-a—fi-

284 521 465 561 Tendere
497 523 667 560 vesicam
698 521 797 560 solet
827 528 894 561 aut
925 522 1077 573 direpta
1108 521 1281 561 bicornis

196 587 263 619 305
285 581 411 632 Terga
445 581 580 631 capri.
618 586 750 619 tumor
780 580 844 619 ille
876 580 951 619 loci
982 582 1226 633 permansit,
1259 585 1298 620 et
1328 579 1392 620 alti

285 638 402 679 Collis
433 638 551 678 habet
581 640 752 690 speciem
769 670 781 691 ‚
812 638 1007 690 longoque
1039 639 1217 678 induruit
1248 650 1364 678 aevo.

283 697 457 737 Plurima
489 709 579 737 cum
604 697 771 737 subeant
801 697 932 737 audita
964 703 1003 737 et
1034 699 1190 749 cognita
1221 696 1358 750 nobis,
1552 732 1554 736 .

284 756 413 796 Pauca
444 768 564 808 super
595 757 792 796 referam.
831 756 925 807 quid
944 753 965 795 *Ρ
996 768 1074 795 non
1106 762 1146 795 et
1175 755 1331 807 lympha
1362 756 1506 808 figuras

285 815 435 866 Datque
457 817 636 867 capitque
657 826 775 854 novas
795 811 817 854 Ῥ
841 814 969 854 medio
995 821 1061 854 tua
1079 846 1091 868 ,
1117 816 1298 865 corniger
1318 814 1481 855 Ammon

198 880 264 911 310
284 873 395 913 Unda
427 874 489 913 die
520 873 647 925 gelida
678 878 767 924 est,
799 880 967 925 ortuque
1000 873 1187 925 obituque
1220 872 1399 913 calescit.

286 932 461 972 Admotis
492 932 726 971 Athamanas
757 934 869 983 aquis
900 932 1116 972 accendere
1146 931 1295 983 lignum

284 991 476 1030 Narratur
495 1023 506 1043 ‚
537 992 718 1030 minimos
751 1002 842 1030 cum
872 990 963 1030 luna
994 991 1159 1030 recessit
1188 992 1229 1029 in
1261 990 1399 1030 orbes.

285 1050 448 1089 Flumen
479 1049 625 1089 habent
655 1049 819 1089 Cicones
837 1081 850 1102 ,
881 1049 985 1101 quod
1016 1055 1153 1101 potum
1185 1061 1299 1088 saxea
1329 1049 1459 1089 reddit

284 1108 441 1147 Viscera
459 1140 471 1161 ‚
503 1109 607 1160 quod
640 1110 753 1148 tactis
785 1108 937 1147 inducit
967 1119 1162 1147 marmora
1191 1107 1334 1147 rebus.

198 1173 264 1205 315
286 1166 440 1206 Crathis
472 1173 512 1206 et
543 1167 633 1205 hinc
666 1166 823 1218 Sybaris
855 1168 1002 1206 nostris
1033 1168 1302 1206 conterminus
1333 1168 1435 1206 arvis

285 1225 444 1264 Electro
476 1225 621 1264 similes
653 1225 802 1265 faciunt
833 1237 1007 1276 auroque
1040 1225 1222 1277 capillos.

286 1284 476 1335 Quodque
503 1286 625 1335 magis
644 1285 788 1322 mirum
806 1315 817 1336 ‚
843 1290 936 1323 sunt
961 1285 1028 1335 qui
1047 1296 1126 1323 non
1146 1295 1312 1335 corpora
1330 1289 1481 1324 tantum
1493 1315 1505 1336 ,

284 1343 430 1382 Verum
461 1344 610 1382 animos
642 1344 759 1381 etiam
790 1342 942 1381 valeant
972 1348 1124 1382 mutare
1156 1342 1353 1393 liquores.

287 1401 359 1441 Cui
390 1413 469 1440 non
501 1401 632 1440 audita
663 1406 724 1440 est
754 1400 945 1440 obscenae
979 1400 1164 1440 Salmacis
1196 1400 1323 1440 undae

198 1467 266 1498 320
286 1459 578 1511 Aethiopesque
610 1459 717 1498 lacus
737 1457 759 1498 ’ἓ
790 1471 888 1511 quos
927 1461 1105 1511 quisquis
1144 1459 1321 1499 saucibus
1351 1459 1505 1512 hausit,

285 1520 363 1558 Aut
393 1519 490 1558 furit
509 1550 520 1570 ,
551 1524 617 1558 aut
648 1520 794 1569 patitur
826 1520 970 1557 mirum
1001 1519 1187 1569 gravitate
1219 1530 1422 1570 soporem.

286 1577 447 1617 Clitorio
480 1578 718 1628 quicumque
750 1578 854 1616 sitim
887 1577 934 1616 de
966 1577 1073 1616 fonte
1105 1577 1265 1629 levarit,

284 1635 380 1675 Vina
411 1636 511 1687 sugit
529 1667 540 1688 ,
570 1635 792 1687 gaudetque
824 1637 942 1675 meris
974 1635 1187 1675 abstemius
1221 1635 1359 1676 undis:

289 1694 368 1734 Seu
398 1695 456 1734 vis
488 1699 549 1733 est
579 1696 619 1734 in
652 1706 750 1745 aqua
782 1694 905 1733 calido
932 1695 1127 1733 contraria
1159 1695 1272 1747 vino,

201 1760 268 1792 325
290 1753 379 1792 Sive
398 1784 409 1805 ,
441 1752 546 1804 quod
578 1753 783 1804 indigenae
815 1758 1061 1805 memorant,
1092 1753 1332 1805 Amythaone
1367 1758 1505 1806 natus,

285 1811 489 1851 Proetidas
521 1814 704 1851 attonitas
735 1817 943 1863 postquam
974 1823 1045 1863 per
1076 1823 1234 1851 carmen
1265 1817 1306 1851 et
1335 1811 1477 1852 herbas

285 1869 441 1922 Eripuit
464 1870 578 1909 furiis
596 1902 608 1924 ,
638 1872 868 1922 purgamina
900 1872 1042 1909 mentis
1073 1872 1114 1909 in
1144 1870 1228 1909 illas
1354 1879 1382 1906 t.
1401 1878 1506 1906 ccviii.
1538 1867 1539 1870 ’

285 1928 390 1967 Misit
420 1941 569 1982 aquas,
601 1929 812 1980 odiumque
844 1930 942 1968 meri
972 1930 1189 1980 permansit
1218 1930 1258 1968 in
1290 1928 1428 1969 undis.

285 1987 386 2026 Huic
417 1987 504 2026 ssuit
534 1989 677 2027 effectu
709 1986 841 2038 dispar
872 1987 1102 2039 Lyncestius
1134 1990 1282 2040 amnis,

197 2053 265 2084 330
287 2046 413 2091 Quem
445 2048 683 2097 quicumque
715 2057 854 2097 parum
886 2045 1086 2085 moderato
1119 2052 1278 2097 gutture
1305 2049 1446 2100 traxit,

284 2104 396 2143 Haud
428 2104 541 2144 aliter
572 2104 742 2157 titubat,
775 2116 891 2155 quam
922 2106 956 2143 si
987 2116 1094 2143 mera
1124 2106 1211 2144 vina
1244 2104 1427 2145 bibisset.

284 2162 355 2202 Est
386 2162 493 2202 lacus
525 2163 711 2202 Arcadiae
730 2194 741 2215 ,
772 2163 976 2203 Pheneum
1007 2162 1141 2203 dixere
1174 2165 1351 2216 priores,

283 2221 485 2273 Ambiguis
518 2227 726 2274 suspectus
758 2223 898 2275 aquis,
930 2233 1026 2273 quas
1058 2228 1172 2261 nocte
1205 2224 1362 2262 timeto:

284 2279 406 2318 Nocte
438 2286 583 2320 nocent
612 2286 756 2332 potae3
790 2282 874 2319 sine
908 2292 1006 2319 noxa
1038 2279 1125 2320 luce
1156 2280 1368 2321 bibuntur.

195 2345 263 2376 335
286 2336 350 2376 Sic
382 2338 474 2377 alias
507 2339 678 2391 aliasque
710 2338 817 2379 lacus
849 2345 889 2378 et
919 2339 1079 2378 flumina
1111 2340 1213 2378 vires
