1554 2563
137 107 222 149 288
343 119 566 142 romrmmus
686 105 900 141 METAMM
914 133 923 142 .

166 225 233 257 205
255 217 461 268 Temporis
491 216 624 269 illius,
657 228 735 268 quo
766 215 845 255 vidi
876 215 966 255 hina
997 228 1176 256 meorum

253 276 331 315 Ter
363 280 501 326 quater
532 275 651 326 afiligi
682 276 880 314 sociorum
911 287 1076 327 corpora
1106 281 1257 315 terrae.

255 333 372 384 [Cum
404 345 523 385 super
554 335 638 385 ipse
669 335 800 373 iacens
831 333 974 373 hirsuti
1005 346 1113 372 more
1145 333 1269 373 leonis

254 392 491 443 Visceraque
522 397 562 431 et
594 404 731 431 carnes
763 404 931 443 cumque
964 392 1060 431 albis
1092 404 1181 431 ossa
1212 391 1392 431 medullis

255 451 590 502 Semianimesque
622 458 731 490 artus
763 451 912 490 avidam
944 450 1137 490 condebat
1167 452 1208 489 in
1239 450 1386 490 alvum.

166 517 234 549 210
253 509 313 548 Me
346 516 494 548 tremor
525 511 693 549 invasit.
732 509 882 549 stabam
913 510 997 548 sine
1030 511 1219 561 sanguine
1251 515 1446 550 maestus:

252 567 578 619 Mandentemque
610 568 745 607 videns
777 570 1089 619 eiectantemque
1122 574 1305 607 cruentas

254 626 332 666 Ore
365 627 514 680 dapes,
540 632 579 666 et
611 627 736 666 frusta
768 638 876 666 mero
909 626 1120 678 glomerata
1151 632 1374 666 vomentem
1388 626 1415 677 .]

252 685 358 724 Talia
389 685 582 737 fingebam
613 687 757 725 misero
789 686 885 724 mihi
916 686 993 724 fata
1023 687 1175 737 parari.

255 743 427 795 [Perque
459 745 542 783 dles
574 745 716 783 multos
754 744 939 796 latitans,
971 756 1206 794 omnemque
1243 745 1475 783 tremiscens

165 810 232 842 215
253 803 310 841 Ad
331 805 540 855 strepitum
559 835 570 855 ‚
596 809 841 854 mortemque
861 804 1004 841 timens
1018 834 1029 855 ,
1049 803 1295 854 cupidusque
1315 804 1475 854 moriri,

254 861 401 900 Glande
425 862 575 900 'famem
605 862 755 914 pellens
787 867 827 900 et
857 863 976 900 mixta
1007 861 1212 900 frondibus
1244 861 1388 914 herba,

254 919 369 959 Solus
388 951 399 973 ,
430 922 543 972 inops
562 952 574 973 ,
605 932 745 972 exspes
763 952 774 972 ‚
805 919 883 959 leto
915 932 1142 972 poenaeque
1174 919 1336 959 relictus
1349 919 1377 972 ,]

253 978 362 1018 Hanc
393 979 531 1030 procul
563 980 696 1030 aspexi
727 979 842 1030 longo
874 984 964 1030 post
994 984 1171 1030 tempore
1203 990 1364 1031 navem,

254 1037 448 1088 Oravique
481 1039 611 1089 fugam
643 1043 756 1089 gestu
775 1069 786 1090 ,
818 1036 865 1076 ad
896 1037 1067 1087 litusque
1100 1039 1282 1090 cucurri,

165 1103 232 1134 220
253 1095 302 1135 Et
333 1098 464 1135 movi:
497 1096 734 1148 Graiumque
766 1097 862 1135 ratis
893 1096 1061 1134 Troiana
1092 1097 1263 1147 recepit.

254 1154 313 1193 Tu
346 1167 503 1205 quoque
535 1155 661 1206 pande
693 1161 811 1207 tuos,
844 1156 1031 1193 comitum
1062 1156 1312 1208 gratissime,
1344 1166 1458 1194 casus

252 1212 302 1252 Et
332 1212 443 1251 ducis
475 1218 515 1252 et
545 1213 712 1266 turbae,
745 1225 844 1263 quae
875 1219 1007 1252 tecum
1039 1218 1100 1251 est
1136 1214 1284 1252 credita
1314 1219 1457 1265 ponto.

311 1271 458 1310 Aeolon
489 1271 553 1310 ille
586 1272 709 1310 refert
739 1271 868 1310 Tusco
900 1283 1065 1322 regnare
1096 1271 1316 1324 profundo,

1462 1210 1474 1228 2

253 1329 399 1368 Aeolon
430 1329 677 1381 Hippotaden
695 1361 706 1382 ‚
738 1329 987 1369 cohibentem
1018 1341 1177 1368 carcere
1209 1336 1369 1369 ventos:

170 1395 238 1427 225
265 1388 371 1433 Quos
402 1387 511 1427 bovis
542 1388 718 1427 inclusos
749 1394 859 1439 tergo
878 1419 889 1440 ,
920 1387 1170 1426 memorabile
1203 1400 1369 1440 munus,

253 1446 475 1485 Dulichium
508 1448 722 1498 sumpsisse
755 1447 895 1485 ducem
915 1477 924 1486 .
961 1446 1134 1497 flatuque
1166 1447 1339 1486 secundo

252 1504 424 1544 Lucibus
455 1507 533 1544 isse
565 1517 704 1544 novem
736 1511 775 1544 et
806 1511 953 1544 terram
984 1506 1182 1556 aspexisse
1212 1507 1398 1557 petitam:

252 1563 433 1602 Proxima
463 1569 554 1615 post
583 1576 725 1603 nonam
757 1576 847 1603 cum
879 1576 966 1602 sese
999 1576 1140 1602 aurora
1171 1571 1368 1616 moveret,

253 1621 400 1662 Invidia
431 1623 559 1662 socios
589 1622 835 1674 praedaeque
868 1622 1050 1674 cupidine
1081 1624 1205 1661 victos

165 1688 233 1720 230
252 1680 350 1719 Esse
382 1686 488 1720 ratos
520 1693 689 1734 aurum,
720 1681 936 1732 dempsisse
967 1681 1147 1732 ligamina
1178 1683 1327 1734 ventis3

254 1739 351 1778 Cum
371 1739 514 1790 quibus
533 1741 612 1779 isse
632 1745 740 1778 retro
758 1771 770 1792 ,
801 1751 871 1791 per
892 1751 987 1790 quas
1007 1739 1121 1778 modo
1142 1746 1303 1779 venerat
1327 1740 1449 1780 undas
1462 1772 1473 1793 ‚

252 1797 452 1848 Aeoliique
485 1804 609 1837 ratem
640 1804 778 1849 portus
810 1799 1001 1849 repetisse
1032 1799 1209 1849 tyranni.

253 1853 362 1895 ‘Inde
394 1855 502 1895 Lami
532 1862 706 1895 veterem
738 1852 1027 1907 Laestrygonis'
1059 1858 1187 1907 inquit
1219 1853 1273 1896 ein
1305 1857 1443 1896 urbem

252 1914 438 1953 Venimus
458 1946 466 1954 .
504 1914 733 1966 Antiphates
765 1921 870 1953 terra
903 1914 1090 1965 regnabat
1122 1916 1160 1953 in
1192 1915 1278 1954 illa.

165 1979 231 2011 235
252 1972 394 2011 Missus
419 1972 466 2012 ad
491 1973 596 2012 hunc
623 1985 693 2024 ego
721 1985 807 2012 sum
825 2004 836 2025 ,
862 1985 1025 2012 numero
1052 1975 1260 2012 comitante
1281 1973 1472 2026 duorum3

252 2030 401 2082 Vixque
433 2032 522 2083 fuga
555 2033 730 2082 quaesita
761 2031 864 2070 salus
897 2033 1107 2082 comitique
1140 2031 1312 2082 mihique
1331 2063 1343 2085 ,

253 2089 410 2128 Tertius
443 2102 464 2128 e
495 2089 609 2129 nobis
640 2089 915 2141 Laestrygonis
946 2091 1063 2140 impia
1094 2092 1209 2129 tinxit

254 2147 331 2186 Ora
363 2160 506 2187 cruore
539 2161 639 2187 suo,
678 2147 919 2199 fugientibus
950 2149 1069 2187 instat
1100 2155 1140 2187 et
1171 2161 1307 2199 agmen

255 2205 433 2245 Concitat
463 2206 692 2258 Antiphates
712 2237 721 2245 .
760 2210 904 2245 coeunt
935 2212 974 2245 et
1005 2218 1094 2245 saxa
1124 2207 1336 2258 trabesque

166 2270 234 2302 240
255 2263 463 2303 Coniciunt
480 2296 491 2317 ‚
522 2271 783 2316 merguntque
815 2267 919 2303 viros
938 2296 949 2317 ,
980 2272 1241 2316 merguntque
1274 2267 1445 2305 carinas.

254 2320 336 2360 Una
369 2328 497 2361 tamen
516 2354 528 2374 ,
560 2335 659 2374 quae
691 2335 762 2362 nos
793 2324 1000 2374 ipsumque
1032 2323 1196 2362 vehebat
1228 2323 1388 2370 Ulixen,
