1554 2563
194 103 278 146 268
422 117 601 140 PomxnuA
743 103 957 139 METAMM
971 130 979 138 .

312 214 419 260 Quae
450 226 600 253 memor
631 215 714 266 ipsa
747 215 839 267 sui,
869 219 1078 266 postquam
1109 213 1334 254 crudelibus
1366 215 1443 254 aris

310 273 474 312 Admota
506 279 594 325 est,
625 274 825 324 sensitque
858 272 932 311 sibi
964 272 1046 312 sera
1077 284 1186 312 sacra
1215 274 1368 326 parari,

227 338 290 370 455
310 331 439 383 thue
471 331 770 383 Neoptolemum
802 336 971 370 stantem
1002 331 1230 383 ferrumque
1261 337 1461 371 tenentem

310 389 433 441 Inque
466 402 536 429 suo
569 390 664 429 vidit
694 390 879 441 figentem
909 389 1056 429 lumina
1088 389 1221 443 vultu,

311 445 445 488 ‘Utere
477 448 690 488 iandudum
722 460 912 499 generoso
945 449 1133 499 sanguine
1154 445 1179 488 1’
1211 448 1309 488 dixit

312 504 440 546 ‘Nulla
471 519 579 546 mora
611 512 699 547 est.
738 508 833 558 quin
865 511 907 546 tu
938 507 1071 558 iugulo
1103 507 1163 546 vel
1193 513 1354 559 pectore
1386 507 1508 547 telum

312 565 442 605 Cende
476 577 562 605 meo
582 563 607 605 i'
638 565 896 617 iugulumque
928 565 1043 604 simul
1074 571 1293 617 pectusque
1325 567 1490 606 retexit.

224 632 292 664 460
311 621 488 664 ‘Scilicet
519 630 585 663 aut
616 623 684 663 ulli
716 626 863 663 servire
894 623 1088 676 Polyxena
1120 624 1258 664 vellem
1276 621 1298 664 ⁴?

310 683 388 722 Aut
418 695 488 735 per
520 683 595 722 tale
628 695 783 722 sacrum
815 694 961 722 numen
991 682 1193 735 placabitis
1226 680 1385 722 ullum?

310 741 415 780 Mors
446 747 598 781 tantum
629 741 768 780 vellem
799 746 964 780 matrem
995 753 1080 781 mea
1111 741 1245 780 fallere
1277 747 1432 793 posset.

310 800 433 840 Mater
465 800 605 852 obest,
637 801 855 851 minuitque
888 801 995 839 necis
1027 799 1122 839 mihi
1159 799 1326 852 gaudia:
1359 802 1531 851 quamvis

311 858 397 898 Non
431 871 517 898 mea
549 870 654 897 mors
685 858 740 897 illi
758 890 769 911 ‚
801 870 937 897 verum
969 871 1039 898 sua
1070 860 1146 898 vita
1184 858 1386 898 tremenda
1417 865 1501 898 est.

224 924 291 956 465
312 916 387 956 Vos
420 917 534 957 modo
554 949 565 969 ‚
596 929 646 956 ne
680 917 834 969 Stygios
866 917 1001 956 adeam
1033 929 1111 956 non
1143 916 1266 956 libera
1298 929 1455 971 manes,

310 975 404 1015 Este
435 975 603 1028 procul,
635 976 668 1015 si
698 977 801 1015 iusta
831 981 922 1028 peto
941 1007 952 1028 ‚
984 982 1169 1027 tactuque
1201 975 1333 1015 viriles

311 1033 494 1086 Virgineo
526 1040 725 1074 removete
757 1046 895 1074 manus
915 1066 923 1073 .
962 1036 1160 1086 acceptior
1190 1034 1269 1087 illi,

312 1093 499 1144 Quisquis
529 1095 563 1133 is
596 1099 683 1145 est,
716 1105 832 1144 quem
865 1093 981 1132 caede
1014 1105 1098 1132 mea
1128 1093 1282 1145 placare
1312 1094 1480 1146 paratis,

311 1151 429 1190 Liber
461 1153 538 1191 erit
569 1153 726 1203 sanguis
747 1183 755 1190 .
795 1153 929 1203 siquos
962 1157 1090 1191 tamen
1123 1152 1259 1191 ultima
1290 1153 1415 1191 nostri

223 1218 292 1250 470
311 1209 437 1249 Verba
469 1218 626 1249 movent
657 1212 736 1248 oris
755 1241 766 1261 ‚
797 1210 942 1249 Priami
972 1222 1039 1249 vos
1071 1210 1148 1250 filia
1180 1211 1309 1262 regis,

310 1268 397 1307 Non
429 1270 578 1321 captiva
610 1275 749 1321 rogat,
781 1269 972 1320 genetrici
1004 1281 1147 1320 corpus
1179 1270 1397 1320 inemptum

312 1327 506 1379 Reddite3
538 1339 635 1366 neve
667 1339 762 1366 auro
794 1327 961 1367 redimat
990 1328 1051 1366 ius
1083 1329 1196 1367 triste
1229 1326 1447 1380 sepulchri,

312 1385 389 1424 Sed
409 1385 580 1425 lacrimis
600 1417 607 1424 .
634 1391 729 1425 tunc
747 1417 758 1438 ‚
784 1397 874 1425 cum
898 1391 1053 1437 poterat
1068 1417 1080 1439 ,
1106 1385 1321 1425 redimebat
1340 1390 1380 1424 et
1398 1397 1493 1425 auro
1507 1383 1532 1425 .’

311 1444 470 1484 Dixerat
495 1476 503 1484 .
542 1450 580 1483 at
610 1443 778 1496 populus
809 1444 1017 1497 lacrimas,
1049 1456 1144 1496 quas
1176 1444 1240 1483 illa
1270 1443 1450 1497 tenebat,

224 1510 291 1543 475
311 1502 397 1541 Non
429 1508 565 1542 tenet.
603 1504 687 1554 ipse
719 1504 835 1542 etiam
866 1502 964 1542 flens
995 1504 1218 1554 invitusque
1251 1502 1433 1542 sacerdos

310 1561 491 1600 Praehita
523 1562 699 1601 coniecto
731 1563 839 1612 rupit
868 1561 1097 1612 praecordia
1128 1562 1256 1601 ferro.

313 1619 379 1659 llla
396 1651 408 1672 ‚
440 1632 560 1672 super
590 1626 737 1659 terram
769 1620 921 1659 defecto
953 1620 1100 1672 poplite
1131 1619 1291 1673 labens,

311 1678 480 1717 Pertulit
510 1675 728 1730 intrepidos
760 1678 807 1717 ad
839 1679 915 1717 fata
946 1680 1154 1718 novissima
1186 1678 1337 1718 vultus.

311 1737 423 1775 Tunc
454 1748 610 1788 quoque
644 1749 737 1776 cura
769 1737 843 1776 fuit
872 1742 1004 1788 partes
1035 1736 1162 1776 velare
1194 1737 1405 1790 tegendas,

223 1803 292 1835 480
313 1795 409 1834 Cum
442 1795 628 1848 caderet,
659 1796 833 1846 castique
866 1795 986 1834 decus
1018 1807 1174 1834 servare
1206 1795 1390 1846 pudo-ris.

311 1853 484 1892 Troades
516 1854 744 1906 excipiunt,
776 1852 1076 1904 deploratosque
1108 1860 1318 1893 recensent

311 1912 526 1951 Priamidas
544 1944 556 1964 ‚
587 1917 627 1951 et
658 1912 762 1963 quod
795 1911 947 1950 dederit
977 1912 1115 1951 domus
1148 1924 1224 1951 una
1256 1913 1433 1964 cruoris3

311 1970 446 2021 Teque
472 1976 662 2023 gemunt,
687 1972 795 2022 virgo
814 2001 825 2023 ‚
851 1975 968 2021 teque
986 2001 998 2022 ‚
1024 1982 1045 2007 ο
1073 1970 1187 2009 modo
1213 1972 1319 2021 regia
1339 1972 1532 2022 coniunx,

312 2029 432 2080 Regia
465 2029 567 2068 dicta
597 2041 769 2081 parens,
801 2029 913 2067 Asiae
945 2028 1122 2067 ssorentis
1154 2030 1304 2081 imagO,

224 2094 291 2127 485
312 2087 425 2126 Nunc
457 2089 573 2127 etiam
604 2087 771 2139 praedae
809 2087 907 2126 mala
945 2098 1030 2125 sors
1048 2117 1059 2138 ‚
1092 2099 1208 2138 quam
1246 2088 1369 2126 victor
1400 2086 1532 2127 Ulixes

310 2145 408 2184 Esse
441 2158 550 2185 suam
583 2146 732 2198 nollet,
764 2147 840 2184 nisi
872 2145 975 2197 quod
1007 2150 1137 2184 tamen
1168 2144 1339 2185 Hectora
1369 2151 1485 2198 partu

310 2203 500 2243 Edideras
519 2235 528 2243 .
567 2204 768 2244 dominum
800 2205 915 2244 matri
946 2204 1008 2242 vix
1038 2205 1215 2255 repperit
1244 2203 1414 2243 Hector.

312 2262 419 2308 Quae
452 2274 596 2314 corpus
629 2262 828 2314 complexa
861 2263 1009 2301 animae
1041 2267 1119 2300 tam
1151 2262 1265 2302 sortis
1296 2263 1435 2314 inane,

311 2319 416 2366 Quas
448 2323 591 2360 totiens
621 2322 770 2373 patriae
803 2320 992 2373 dederat,
1023 2321 1233 2373 natisque,
1263 2321 1450 2373 viroque,
