1554 2563
147 94 232 136 254
384 106 552 130 Acnmmzs
703 93 916 128 METAMM
932 120 939 128 .

324 203 428 243 Haec
460 209 667 255 postquam
700 203 805 243 dulci
836 203 995 243 Neleius
1028 204 1150 244 edidit
1180 217 1272 258 ore,

268 263 298 301 A
330 274 513 302 sermone
546 264 650 301 senis
682 264 851 314 repetito
883 275 1046 301 munere
1078 262 1219 302 Bacchi

267 321 484 360 Surrexere
516 322 642 373 toris3
675 333 750 360 nox
783 326 843 360 est
874 321 961 360 data
993 328 1123 361 cetera
1155 334 1314 362 somn0.

178 388 245 420 580
324 380 374 419 At
405 380 501 419 deus
534 392 748 431 aequoreas
781 381 848 431 qui
880 380 1041 432 cuspide
1074 386 1266 432 temperat
1296 380 1444 432 undas,

267 438 310 477 ln
342 438 542 478 volucrem
575 451 717 490 corpus
751 440 830 477 nati
862 438 1147 478 Phaethontida
1179 451 1335 478 versum

266 497 395 536 Mente
428 497 533 536 dolet
564 499 718 550 patria3
751 510 987 549 saevumque
1018 510 1185 549 perosus
1217 497 1402 536 Achillem

266 555 435 595 Exercet
468 568 664 595 memores
694 556 782 608 plus
815 568 931 607 quam
964 556 1130 595 civiliter
1162 558 1262 595 iras.

268 615 425 667 lamque
458 615 540 654 fere
573 620 698 654 tracto
732 615 808 654 duo
841 627 912 666 per
945 617 1211 666 quinquennia
1244 615 1344 653 bello

178 681 245 712 585
267 673 426 713 Talibus
458 675 659 713 intonsum
691 673 897 725 compellat
929 673 1130 713 Sminthea
1161 673 1299 714 dictis:

267 730 314 772 ‘O
348 732 441 772 mihi
475 733 522 771 de
555 733 687 771 fratris
718 732 833 784 longe
865 734 1086 784 gratissime
1119 734 1243 785 natis,

267 791 381 830 Irrita
414 793 480 842 qui
512 804 666 830 mecum
698 793 865 842 posuisti
897 793 1050 830 moenia
1082 791 1245 843 Troiae,

267 850 418 901 Ecquid
437 882 448 903 ‚
480 849 548 889 ubi
579 850 648 889 has
681 851 757 888 iam
788 851 864 889 iam
897 862 1055 889 casuras
1088 851 1230 901 aspicis
1262 862 1396 901 arceS,

268 909 437 960 lngemis
456 906 478 947 ἱ)
509 914 576 948 aut
609 909 750 960 ecquid
782 914 840 948 tot
872 908 1121 948 defendentia
1153 921 1287 947 muros

180 974 247 1007 590
268 968 372 1006 Milia
404 979 516 1006 caesa
548 967 655 1006 doles
675 965 696 1006 ‘P
728 967 898 1020 ecquid,
931 980 979 1006 ne
1011 979 1227 1019 persequar
1258 979 1417 1019 omneS,

267 1026 448 1066 Hectoris
480 1026 618 1065 umbra
651 1026 757 1065 subit
789 1027 939 1065 circum
971 1039 1039 1065 sua
1071 1026 1259 1077 Pergama
1291 1022 1436 1065 tracti?

268 1084 366 1124 Cum
397 1090 528 1124 tamen
560 1085 623 1123 ille
657 1086 766 1124 ferox
798 1084 978 1136 belloque
1012 1086 1214 1124 cruentior
1244 1086 1330 1135 ipso

268 1142 370 1182 Vivit
400 1143 526 1182 adhuc
545 1175 556 1195 ‚
588 1145 719 1194 operis
751 1145 877 1182 nostri
908 1143 1115 1195 populator
1133 1175 1145 1196 ‚
1176 1143 1366 1182 Achilles.

269 1201 343 1240 Det
374 1202 468 1240 mihi
501 1214 543 1241 se
562 1234 572 1254 ‚
606 1203 691 1240 saxo
711 1233 722 1254 ,
754 1201 900 1253 triplici
932 1203 1025 1253 quid
1058 1202 1219 1253 cuspide
1252 1203 1420 1254 possim,

180 1269 247 1301 595
269 1260 447 1299 Sentiat.
486 1265 525 1299 at
556 1261 740 1311 quoniam
773 1272 1011 1299 concurrere
1044 1262 1262 1299 comminus
1293 1261 1395 1299 hosti

268 1318 353 1357 Non
386 1319 530 1370 datur,
562 1318 716 1358 occulta
748 1321 983 1370 necopinum
1016 1319 1137 1371 perde
1169 1321 1307 1370 sagitta
1322 1315 1347 1357 l'

268 1378 444 1429 Annuit,
476 1383 592 1428 atque
625 1378 753 1416 animo
787 1379 934 1428 pariter
965 1385 1184 1429 patruoque
1217 1389 1365 1428 suoque

269 1436 400 1475 Delius
431 1435 639 1486 indulgens
672 1435 813 1474 nebula
845 1436 993 1475 velatus
1024 1438 1065 1475 in
1097 1448 1235 1488 agmen

267 1495 451 1534 Pervenit
481 1494 669 1547 Iliacum,
702 1494 906 1545 medIaque
939 1496 978 1533 in
1011 1494 1129 1534 caede
1160 1497 1334 1534 virorum

181 1563 248 1594 600
268 1553 369 1592 Rara
401 1565 471 1604 per
502 1555 656 1605 ignotos
688 1560 937 1604 spargentem
970 1555 1096 1592 cernit
1127 1553 1293 1592 Achivos

267 1612 360 1651 Tela
391 1612 539 1651 Parin:
571 1612 778 1663 fassusque
813 1613 928 1651 deum
947 1644 958 1665 ‚
991 1609 1100 1663 ‘quid
1134 1612 1282 1664 spicula
1314 1612 1445 1663 perdis

269 1671 466 1722 SanguIne
498 1670 624 1722 plebis
643 1667 680 1709 ‘?’
712 1672 792 1710 ait.
833 1668 960 1721 ‘siqua
992 1676 1052 1709 est
1083 1670 1153 1710 tibi
1186 1683 1280 1710 cura
1312 1676 1492 1724 tuorum,

267 1729 430 1768 Vertere
461 1730 502 1768 in
534 1729 727 1768 Aeaciden
746 1761 758 1782 ,
790 1741 1004 1780 caesosque
1037 1729 1228 1768 ulciscere
1261 1730 1401 1768 fratres
1417 1726 1441 1768 l'

268 1788 400 1840 Dixit,
433 1793 472 1826 et
503 1787 715 1826 ostendens
748 1793 990 1827 sternentem
1022 1787 1162 1827 Troica
1196 1789 1299 1827 ferro

180 1856 246 1887 605
268 1846 441 1898 Corpora
472 1846 632 1885 Peliden
650 1878 662 1899 ‚
694 1858 809 1885 arcus
841 1846 1010 1885 obvertit
1040 1848 1080 1885 in
1112 1846 1245 1899 illum,

268 1904 461 1956 Certaque
493 1904 646 1944 letifera
678 1904 821 1944 direxit
853 1904 1000 1956 spicula
1034 1905 1193 1945 dextra.

267 1963 380 2009 Quod
411 1963 592 2002 Priamus
623 1963 793 2015 gaudere
826 1975 944 2002 senex
978 1969 1067 2015 post
1097 1963 1265 2003 Hectora
1297 1971 1452 2015 posset,

268 2022 351 2061 Hoc
383 2022 457 2063 fuit
476 2054 484 2062 .
523 2022 587 2061 ille
620 2023 740 2073 igitur
771 2027 970 2061 tantorum
1002 2023 1126 2061 victor
1145 2054 1156 2074 ‚
1187 2022 1359 2075 Achille,

267 2080 445 2120 Vinceris
477 2093 498 2119 a
529 2081 665 2119 timido
699 2080 835 2119 Graiae
868 2086 1023 2131 raptore
1057 2081 1241 2120 maritae!

180 2147 246 2178 610
267 2139 316 2177 At
346 2140 380 2177 si
411 2139 579 2178 femineo
613 2140 742 2178 fuerat
773 2138 843 2178 tibi
874 2138 996 2177 Marte
1030 2138 1270 2193 cadendum,

267 2197 622 2236 Thermodontiaca
653 2197 787 2236 malles
820 2197 1008 2236 cecidisse
1040 2197 1222 2249 bipenni.

267 2255 347 2293 Iam
379 2257 496 2295 timor
527 2255 591 2294 ille
623 2255 852 2308 Phrygum,
884 2255 1004 2294 decus
1036 2261 1076 2295 et
1107 2256 1227 2295 tutela
1260 2256 1412 2309 Pelasgi

267 2313 443 2352 Nominis
461 2345 473 2366 ‚
505 2314 691 2353 Aeacides
709 2345 721 2367 ,
753 2319 871 2366 caput
901 2313 1165 2366 insuperabile
1198 2314 1323 2366 bello,
