1554 2563
156 102 238 142 144
356 114 577 136 mvnnnnoussu
698 99 912 135 METAMM
928 127 936 136 .

267 212 351 252 Nox
384 211 489 251 subit
507 243 518 263 ‚
549 217 589 250 et
620 212 726 251 curis
757 211 928 250 exercita
959 223 1124 262 corpora
1155 223 1316 251 somnus

180 277 246 310 635
268 270 470 322 Occupat.
508 276 598 309 ante
630 269 764 309 oculos
796 270 932 309 eadem
964 269 1058 308 mihi
1089 282 1261 321 quercus
1292 270 1427 310 adesse

268 329 318 369 Et
348 331 579 381 promittere
610 329 744 382 idem,
775 328 1018 380 totidemque
1050 329 1228 368 animalia
1260 331 1379 368 ramis

268 388 388 427 Ferre
420 390 502 427 suis
533 389 614 427 visa
645 393 735 440 est,
765 389 990 439 pariterque
1022 389 1252 427 tremiscere
1283 394 1416 441 motu,

268 447 440 486 Granise1
452 459 596 498 umque
629 458 768 498 agmen
800 446 988 485 subiectis
1019 458 1205 498 spargere
1236 449 1277 486 in
1308 449 1434 500 arvis3

269 505 457 545 Crescere
490 506 595 557 quod
628 505 756 545 subito
789 511 829 545 et
861 507 985 545 maius
1017 507 1222 557 maiusque
1254 505 1403 558 videri,

179 572 248 604 640
267 565 321 604 Ac
348 577 389 604 se
415 564 552 605 tollere
579 564 698 603 humo
724 569 913 616 rectoque
940 566 1124 604 assistere
1150 570 1316 618 trunco,
1353 574 1383 599 r.
1403 574 1491 600 cxxi.

267 624 317 663 Et
347 626 511 663 maciem
543 635 831 674 numerumque
870 623 1014 675 pedum
1052 625 1287 675 nigrumque
1321 623 1491 663 colorem

267 683 421 722 Ponere
441 716 451 735 ,
483 689 522 722 et
553 683 763 722 humanam
794 682 981 721 membris
1013 682 1201 721 inducere
1234 683 1421 722 sormam.

270 741 440 781 Somnus
473 741 580 780 abit.
619 741 760 780 damno
792 741 954 792 vigilans
986 753 1072 780 mea
1103 742 1183 780 visa
1202 772 1213 793 ,
1245 753 1469 793 querorque

268 800 312 839 In
344 802 499 852 superis
532 801 617 852 opis
651 812 736 839 esse
770 800 865 838 nihil
886 831 894 839 .
932 805 970 838 at
1000 801 1042 838 in
1073 799 1235 839 aedibus
1267 801 1405 851 ingens

181 865 248 898 645
269 859 448 898 Murmur
480 866 594 912 erat,
624 870 820 909 vocesque
853 859 1055 897 hominum
1087 858 1271 898 exaudire
1303 858 1463 898 videbar

268 918 347 957 Iam
379 917 474 958 mihi
506 917 689 957 desuetas
709 949 718 957 .
757 917 850 957 dum
876 919 1056 969 suspicor
1076 917 1146 956 has
1166 929 1323 969 quoque
1344 920 1493 972 somni,

267 976 370 1016 Ecce
402 978 509 1016 venit
539 976 725 1016 Telamon
756 989 951 1028 properus
970 1008 981 1028 ,
1012 976 1242 1027 foribusque
1274 976 1439 1016 reclusis

269 1033 458 1087 “Speque
490 1035 646 1087 fideque
665 1067 676 1088 ‚
707 1041 818 1087 pater
837 1032 863 1088 ,'
896 1035 993 1074 dixit
1025 1031 1186 1083 ‘maiora
1218 1034 1389 1074 videbis.

266 1094 465 1146 Egredere
486 1091 528 1134 !”
561 1095 772 1145 egredior:
805 1093 1018 1145 qualesque
1051 1096 1092 1132 in
1124 1095 1291 1145 imagine
1324 1096 1451 1133 somni

180 1159 248 1192 650
267 1152 381 1193 Visus
414 1165 521 1192 eram
553 1153 695 1192 vidisse
728 1154 863 1205 viros,
895 1165 942 1191 ex
974 1152 1112 1191 ordine
1146 1152 1244 1192 tales

266 1213 422 1263 Aspicio
455 1224 683 1262 noscoque.
722 1211 896 1263 adeunt,
928 1223 1142 1262 regemque
1174 1211 1366 1251 salutant.

267 1270 364 1309 Vota
395 1270 475 1309 Iovi
506 1270 612 1309 solvo
631 1302 643 1323 ,
673 1270 907 1322 populisque
940 1270 1166 1308 recentibus
1200 1269 1338 1309 urbem

266 1329 420 1369 Partior
452 1334 492 1368 et
522 1341 664 1368 vacuos
696 1330 837 1380 priscis
869 1327 1087 1368 cultoribus
1119 1340 1257 1380 agros:

265 1387 608 1440 Myrmidonasque
640 1399 736 1426 voco
754 1419 765 1439 ‚
798 1399 871 1426 nec
903 1388 1054 1438 origine
1086 1388 1243 1426 nomina
1276 1386 1436 1426 fraudo.

180 1452 247 1486 655
268 1446 442 1498 Corpora
473 1446 603 1485 vidisti
623 1459 633 1485 ε
653 1457 783 1485 mores
816 1457 915 1497 quos
948 1453 1036 1485 ante
1069 1445 1258 1497 gerebant
1269 1477 1280 1498 ,

267 1505 380 1545 Nunc
412 1517 570 1557 quoque
601 1503 747 1544 habent
764 1536 776 1557 ,
807 1501 1048 1556 parcumque
1081 1516 1205 1556 genus
1236 1505 1469 1556 patiensque

1290 1563 1492 1617 laborum,

267 1623 521 1674 Quaesitique
553 1629 668 1662 tenax
700 1629 740 1662 et
772 1622 875 1673 quod
908 1623 1084 1673 quaesita
1114 1627 1314 1661 reservet.

266 1681 315 1720 Hi
346 1687 384 1721 te
416 1682 463 1721 ad
495 1681 595 1720 bella
626 1693 741 1733 pares
774 1682 885 1720 annis
917 1682 1135 1732 animisque
1168 1687 1409 1734 sequentur,

267 1739 365 1779 Cum
396 1742 567 1791 primum
600 1741 667 1791 qui
698 1745 737 1779 te
770 1739 937 1778 feliciter
957 1739 1116 1792 attulit,
1148 1737 1285 1779 eurus'
1317 1762 1374 1767 ——-

178 1806 247 1838 660
266 1798 398 1838 Eurus
431 1800 535 1837 enim
567 1798 751 1837 attulerat
771 1820 826 1826 —
853 1795 988 1837 ‘fuerit
1018 1803 1192 1837 mutatus
1224 1799 1264 1837 in
1297 1795 1491 1838 austros.'

324 1856 485 1896 Talibus
518 1863 634 1907 atque
667 1857 750 1895 aliis
782 1856 942 1907 longum
974 1856 1223 1896 sermonibus
1254 1856 1310 1896 illi

266 1915 480 1968 Implevere
513 1915 644 1954 diem.
683 1914 782 1954 lucis
813 1927 903 1966 pars
936 1915 1072 1954 ultima
1104 1927 1262 1954 mensae

266 1974 336 2014 Est
367 1975 454 2013 (lata
474 2006 484 2026 ‚
516 1986 592 2013 nox
625 1975 772 2012 somnis
792 2004 801 2013 .
839 1972 952 2012 iubar
984 1985 1127 2012 aureus
1160 1973 1354 2012 extulerat
1386 1973 1468 2013 sol:

266 2032 400 2072 Flabat
431 2033 557 2072 adhue
590 2045 711 2071 eurus
742 2031 995 2083 redituraque
1027 2031 1110 2071 vela
1141 2032 1320 2071 tenebat.

179 2100 245 2131 665
267 2092 323 2130 Ad
357 2091 569 2143 Cephalum
600 2091 774 2130 Pallante
806 2092 909 2143 sati,
941 2092 1004 2129 cui
1036 2090 1220 2141 grandior
1252 2097 1381 2143 aetas,

267 2150 321 2189 Ad
355 2162 488 2201 regem
520 2149 714 2201 Cephalus
747 2149 863 2188 simul
895 2154 934 2188 et
964 2148 1137 2188 Pallante
1170 2151 1293 2188 creati

266 2209 540 2248 Conveniunt.
579 2208 647 2247 sed
680 2208 806 2247 adhuc
845 2219 978 2259 regem
1017 2220 1136 2259 sopor
1173 2207 1272 2247 altus
1305 2206 1491 2247 habebat.

265 2266 421 2318 Excipit
451 2267 638 2306 Aeacides
671 2266 756 2305 illos
787 2268 827 2305 in
860 2266 992 2305 limine
1024 2266 1205 2306 Phocus:

264 2324 359 2364 Nam
392 2325 579 2364 Telamon
612 2326 811 2377 fraterque
843 2326 948 2364 viros
980 2324 1027 2363 ad
1059 2324 1158 2363 bella
1189 2323 1392 2377 legebant.
