1554 2563
109 122 209 157 XXX

108 234 224 281 Iamo.
255 233 315 272 his
344 236 467 272 motas
492 234 599 280 pria.
649 243 784 270 omnes
815 231 920 282 libri,
951 232 1061 283 vitio,
1092 234 1139 272 ut
1163 233 1315 284 opinor,
1347 233 1444 272 satis

108 294 280 342 vetusto,
310 292 496 330 fortassis
528 303 575 329 ex
598 290 829 329 litteratura
859 291 1031 340 capitali.
1079 291 1139 331 his
1170 292 1204 330 si
1235 304 1305 341 pro
1339 292 1446 330 abla-

108 351 191 389 tivo
225 350 289 400 sit,
322 351 474 388 dicetur
505 350 641 389 Iovem
672 349 774 387 dona
804 349 1030 388 Iuventutis
1054 352 1309 400 praecepisse,
1341 350 1446 400 quod

109 409 290 448 fortassis
329 411 463 458 erunt,
501 409 569 458 qui
604 408 841 457 intellegant
878 404 1134 459 ‘maturasse,
1172 404 1446 448 accelerasse':

108 468 220 517 atqui
255 480 333 506 non
369 468 504 517 potest
540 467 716 516 praecipi
747 467 911 516 donum,
950 467 1055 516 quod
1085 468 1126 505 in
1157 468 1329 506 alterum
1360 479 1447 506 eon⁰

108 527 272 565 feratur.
334 526 485 564 aceedit
516 525 621 575 quod
649 526 709 564 his
737 529 861 564 motas
892 525 1008 576 satis,
1041 525 1171 576 siquid
1204 526 1350 576 sentio,
1382 526 1448 564 ab·

110 585 228 624 surde
266 585 411 623 dieitur
443 585 492 622 de
523 584 686 634 duplici,
723 585 840 635 puto,
876 584 1003 633 petito
1035 584 1104 623 isso
1135 598 1198 624 vv.
1219 586 1317 635 414,
1349 585 1448 635 415,

108 644 154 681 ut
190 655 313 682 annos
352 645 393 682 et
431 645 477 681 ut
512 643 705 682 ultionem
737 643 820 693 det3
860 643 1035 692 satisque
1072 643 1278 692 probabile
1309 643 1448 694 habeo,

109 715 269 741 versum
312 702 577 751 posteriorem
620 702 754 750 inepte
797 701 1006 739 confictum
1050 714 1136 740 esse
1179 701 1230 740 ad
1272 702 1449 751 ineptam

108 761 480 810 interpretationem
510 760 762 798 fulciendam.
810 760 1066 809 participium
1095 760 1196 798 illud
1226 764 1349 799 motas
1378 761 1449 798 im-

109 820 336 869 pedimento
368 819 463 869 fuit,
502 819 710 869 quominus
746 819 806 857 his
835 819 1070 868 iungeretur
1107 831 1196 857 oum
1225 821 1448 870 praecipiet,

110 874 306 928 ‘Iuppiter
347 878 568 916 infantibus
611 877 692 915 illis
736 877 953 927 anticipata
995 878 1191 927 largietur
1235 890 1297 928 ea,
1348 890 1448 928 quae

108 937 220 975 Hebe
252 937 347 975 olim
377 937 522 975 datura
552 931 666 975 erat'.
716 938 845 974 restat
876 935 1106 974 subtumida
1131 937 1270 987 oratio,
1300 937 1378 975 nisi
1403 949 1450 975 ea

110 995 212 1034 dona
243 995 432 1034 disertius
463 996 757 1044 nuncupentur,
795 994 905 1033 cuius
944 995 1050 1033 modi
1086 1007 1229 1033 nomen
1259 995 1449 1044 praemis-

111 1067 197 1092 sum
235 1054 475 1103 appositioni
512 1055 614 1092 dona
649 1053 770 1091 latuit
808 1053 958 1091 scilieet
994 1054 1036 1091 in
1072 1057 1206 1092 motus.
1268 1054 1449 1093 substan-

110 1113 236 1152 tivum
279 1116 413 1151 auctas
457 1112 594 1151 eodem
636 1124 800 1150 numero
845 1114 906 1150 est
948 1112 1055 1150 Fast.
1082 1120 1098 1150 1
1138 1114 1239 1163 679,
1282 1107 1446 1152 verbum

109 1183 199 1209 oum
246 1173 408 1210 vetusta
455 1183 534 1209 non
588 1171 747 1209 indocta
801 1171 938 1220 glossa
987 1183 1107 1219 supra
1155 1179 1203 1209 1v
1235 1172 1321 1210 660
1371 1175 1450 1210 tum

108 1233 238 1278 partes
275 1233 410 1268 auctas
441 1229 577 1276 (altus)
614 1231 656 1267 in
686 1240 814 1267 omnes
845 1227 982 1267 Crevit.
1032 1241 1104 1268 nee
1134 1229 1310 1268 Lucretii
1340 1231 1436 1269 arbo

108 1290 165 1327 ris
202 1293 336 1328 auctus
366 1297 415 1327 VI
438 1289 520 1326 168
566 1287 617 1325 ad
659 1287 880 1325 rhetoricae
920 1287 1074 1337 figurae
1116 1288 1351 1327 inanitatem
1390 1301 1446 1327 re

109 1347 349 1386 vocaverim:
387 1347 499 1396 ligna
535 1346 689 1384 arboris
727 1346 981 1384 incrementis
1013 1347 1154 1385 annuis
1186 1347 1450 1398 adaugentur,

110 1418 325 1455 eorumque
362 1406 537 1455 vestigia
573 1417 652 1443 non
688 1405 730 1442 in
760 1405 961 1448 omnibus,
997 1405 1135 1443 multis
1167 1407 1318 1456 tamen,
1350 1406 1449 1457 olea,

110 1477 274 1514 quercu,
312 1464 408 1513 pinu
440 1465 561 1502 etiam
597 1464 639 1501 in
669 1463 790 1501 Italia
821 1465 998 1502 servant:
1036 1464 1276 1513 perspicacis
1307 1467 1449 1513 poetae

109 1535 157 1562 ea
193 1526 255 1562 est
292 1523 593 1561 animadversio.
727 1521 1002 1560 Coniecturam
1033 1522 1158 1572 Raph.
1196 1523 1313 1573 Regii
1354 1518 1450 1575 (nisi

110 1583 308 1631 scriptura
339 1583 379 1619 M
411 1576 503 1633 est,)
535 1580 678 1619 admisi
706 1582 802 1631 221,
832 1580 1053 1619 Burmanni
1083 1582 1202 1629 fando
1229 1583 1253 1619 8
1286 1582 1450 1630 paulum

110 1641 266 1691 aberat,
306 1640 401 1690 quin
432 1640 568 1678 darem
605 1642 770 1689 propter
800 1640 978 1678 locorum
1007 1648 1071 1678 XV
1091 1641 1174 1679 497
1208 1640 1329 1689 Verg.
1349 1640 1448 1679 Aen.

110 1708 145 1737 ΙΙ
166 1701 217 1737 81
254 1699 565 1738 similitudinem.
614 1710 662 1736 ex
692 1699 725 1736 E
763 1698 968 1747 adsumpsi
1003 1700 1068 1746 17,
1106 1700 1215 1749 puto,
1254 1709 1379 1747 reqem
1409 1702 1450 1738 et

111 1759 164 1796 26
203 1759 318 1797 malis
355 1753 416 1808 (M
453 1751 590 1809 males)
642 1758 696 1795 33
728 1768 846 1795 varas
883 1752 1022 1808 (etiam
1053 1757 1094 1794 M
1131 1769 1203 1806 pro
1239 1769 1323 1795 var.
1355 1753 1448 1810 scr.)
1514 1757 1516 1759 ’

112 1818 164 1855 39
217 1817 273 1854 40
323 1817 377 1854 46
412 1810 548 1868 (fortes
571 1816 652 1854 vicli
682 1810 742 1866 M)
793 1815 845 1853 65
900 1817 950 1853 71
985 1818 1132 1853 centum
1162 1827 1244 1854 var.
1278 1827 1350 1854 scr.
1384 1811 1448 1868 (ut

111 1875 231 1913 etiam
258 1870 317 1927 M)
368 1876 420 1913 93
456 1869 574 1926 (fugit
597 1868 657 1926 M)
704 1874 785 1912 123
835 1874 915 1912 127
964 1875 1044 1912 179
1077 1875 1112 1912 si
1136 1875 1204 1912 tibi
1237 1868 1301 1926 (ut
1327 1874 1449 1912 etiam

110 1934 142 1971 L
174 1936 279 1972 teste
310 1928 460 1985 Madv.)
511 1934 593 1971 243
626 1933 696 1971 iste
725 1932 900 1979 voluptas
932 1926 1040 1983 (M‘.>)
1091 1933 1174 1971 273
1227 1934 1309 1971 279
1363 1934 1446 1972 286

112 1993 194 2030 289
247 1993 329 2030 326
383 1993 464 2030 332
517 1992 602 2030 334
626 1990 669 2028 in
693 2003 770 2029 ras.
821 1991 904 2028 348
957 1991 1040 2028 356
1075 1989 1312 2039 (amphysos)
1364 1993 1446 2030 367

112 2052 193 2089 381
248 2051 331 2089 387
366 2046 532 2102 (tantam
574 2044 634 2101 M)
686 2050 768 2088 397
820 2050 903 2086 405
957 2049 1041 2087 413
1093 2044 1208 2101 (petit
1248 2044 1313 2101 M)
1363 2051 1447 2088 417

111 2111 193 2147 422
218 2104 362 2160 (mitem
380 2104 440 2160 Μ)
461 2111 501 2147 et
521 2109 605 2146 423
649 2108 736 2146 440
780 2108 863 2145 452
886 2109 1108 2154 praestanti
1127 2103 1245 2159 (inM
1264 2103 1448 2161 dubium)

111 2168 194 2206 475
246 2169 344 2217 488,
370 2169 453 2205 489
482 2161 599 2218 (quos
625 2166 822 2204 contraxit
845 2161 905 2217 M)
955 2167 1039 2204 513
1092 2167 1173 2205 529
1226 2167 1309 2205 537
1343 2161 1448 2219 (M‘2)

112 2227 193 2264 541
253 2227 337 2264 560
394 2227 496 2275 569,
527 2227 624 2275 puto
668 2225 752 2263 578
786 2218 890 2276 (MP)
947 2225 1028 2262 581
1089 2225 1170 2262 563
1229 2225 1310 2263 595
1364 2226 1446 2264 606

111 2280 208 2335 (ψει
248 2279 340 2335 MP)
397 2285 479 2322 639
539 2284 620 2322 651
681 2284 764 2321 656
823 2282 904 2321 675
957 2283 1040 2321 679
1095 2283 1176 2322 706
1229 2284 1310 2322 741
1364 2284 1446 2322 753
