1554 2563
900 9 906 31 l

154 85 240 128 260
413 98 536 122 umxns
703 85 917 121 METAMM
933 113 939 119 .

271 195 450 235 Praescia
483 196 639 235 venturi
669 196 847 247 genetrix
877 195 1018 235 Nereia
1049 195 1119 235 leti

273 254 498 293 Dissimulat
530 254 638 294 cultu
670 259 832 301 natum.
871 255 1080 306 deceperat
1111 266 1270 306 omnes,

271 313 315 351 ln
346 312 490 364 quihus
521 313 677 352 Aiacem
695 345 706 366 ‚
739 318 915 364 sumptae
948 312 1097 352 fallacia
1128 314 1269 352 vestis.

187 379 251 410 165
272 372 388 410 Arma
420 383 491 422 ego
524 372 703 411 femineis
736 374 907 411 animum
939 377 1093 411 motura
1123 371 1274 411 virilem

271 429 468 469 Mercibus
499 431 678 470 inserui.
716 442 843 482 neque
875 430 1002 469 adhuc
1032 431 1253 482 proiecerat
1283 430 1400 469 heros

271 488 476 540 Virgineos
507 488 692 542 habitus,
724 501 813 528 cum
845 501 1019 541 parmam
1050 489 1277 540 hastamque
1311 490 1460 528 tenenti

273 544 400 586 “Nate
434 548 505 587 dea
523 545 549 601 ,³
583 548 662 587 dixi
694 545 780 587 ‘tibi
812 560 853 586 se
885 549 1061 599 peritura
1092 554 1296 587 reservant

271 606 489 657 Pergama.
528 606 620 657 quid
653 606 806 646 dubitas
838 608 1038 658 ingentem
1070 612 1246 645 evertere
1272 605 1429 645 Troiam
1442 602 1494 645 ?''

187 664 470 716 1⁷01niecique
503 677 661 704 manum
680 697 690 717 ,
722 666 942 716 fortemque
976 665 1020 704 ad
1054 665 1170 704 sortia
1200 666 1311 704 misi.

272 723 376 775 Ergo
409 736 529 775 opera
559 724 663 763 illius
695 735 781 763 mea
814 729 934 763 sunt.
973 736 1044 775 ego
1076 723 1277 775 Telephon
1308 723 1418 763 hasta

272 781 517 834 Pugnantem
550 783 712 835 domui,
744 784 889 822 victum
921 787 1177 833 orantemque
1209 783 1353 822 refeci.

274 840 385 885 Quod
418 841 573 880 Thebae
606 841 784 880 cecidere
803 873 814 894 ‚
847 853 976 881 meum
1009 846 1097 880 est.
1136 853 1196 880 me
1230 841 1377 880 credite

1318 899 1493 952 Lesbon,

272 959 331 998 Me
364 959 552 999 Tenedon
584 959 838 1011 Chrysenque
876 965 915 998 et
946 958 1096 1011 Cillan,
1127 958 1315 1010 Apollinis
1352 958 1494 1011 urbes,

187 1024 252 1056 175
273 1017 322 1057 Et
354 1018 520 1070 Scyrum
553 1020 704 1070 cepisse
724 1050 733 1058 .
772 1030 857 1057 mea
889 1029 1080 1057 concussa
1111 1023 1244 1069 putate

272 1076 536 1116 Procubuisse
570 1076 651 1115 solo
684 1076 870 1128 Lyrnesia
902 1077 1054 1116 moenia
1087 1076 1241 1116 dextra.

272 1135 402 1186 thue
434 1135 528 1174 alios
560 1141 710 1174 taceam
729 1167 740 1187 ‚
771 1137 839 1186 qui
870 1147 1027 1175 saevum
1058 1134 1223 1186 perdere
1257 1141 1390 1186 posset

272 1193 442 1233 Hectora
460 1225 471 1247 ,
503 1206 643 1245 nempe
676 1194 792 1233 dedi.
832 1206 902 1245 per
928 1206 988 1233 me
1015 1195 1116 1233 iaec-t
1141 1193 1298 1232 inclitus
1326 1193 1493 1233 Hector.

274 1251 353 1291 Illis
384 1252 480 1291 haec
512 1253 659 1304 armis,
691 1251 834 1303 quibus
867 1258 925 1291 est
956 1254 1136 1291 inventus
1168 1251 1359 1306 Achilles,

188 1318 253 1350 180
273 1311 388 1350 Arma
419 1316 540 1362 peto:
571 1312 656 1350 vivo
689 1310 872 1349 dederam
891 1343 901 1362 ,
932 1316 1021 1362 post
1051 1310 1127 1350 fata
1158 1322 1345 1362 reposco.

273 1369 323 1409 Ut
354 1369 464 1408 dolor
495 1371 613 1408 unius
645 1368 796 1408 Danaos
828 1371 1007 1420 pervenit
1039 1369 1084 1407 ad
1117 1381 1276 1421 omnes,

273 1428 489 1479 Aulidaque
521 1427 735 1467 Euboicam
768 1427 1014 1479 complerunt
1046 1427 1148 1466 mille
1181 1429 1358 1481 carinae,

272 1487 484 1539 Expectata
515 1487 582 1526 diu
601 1518 612 1539 ,
643 1486 748 1526 nulla
780 1492 846 1526 aut
877 1487 1071 1525 contraria
1104 1486 1216 1525 classi

272 1545 442 1584 Flamina
476 1550 617 1584 erant:
649 1545 847 1596 duraeque
880 1544 1017 1584 iubent
1047 1545 1334 1596 Agamemnona
1366 1551 1492 1585 sortes

188 1612 253 1644 185
273 1604 501 1643 Inmeritam
533 1615 668 1643 saevae
700 1609 830 1643 natam
861 1610 1031 1643 mactare
1062 1603 1228 1643 Dianae.

272 1662 447 1714 Denegat
477 1663 551 1702 hoc
583 1664 766 1715 genitor,
798 1662 974 1714 divisque
1006 1664 1190 1702 irascitur
1221 1663 1340 1715 ipsis,

272 1722 398 1772 Atque
431 1723 470 1760 in
503 1733 595 1773 rege
627 1727 757 1761 tamen
788 1726 899 1772 pater
931 1727 1018 1760 est.
1058 1733 1129 1772 ego
1161 1722 1254 1760 mite
1285 1722 1458 1773 parentis

272 1779 476 1832 Ingenium
508 1779 637 1818 verbis
670 1779 716 1818 ad
747 1779 901 1831 publica
934 1780 1135 1818 commoda
1167 1781 1287 1819 verti.

273 1838 387 1878 Nunc
419 1838 600 1890 equidem
633 1839 786 1891 fateor,
818 1838 1000 1889 fassoque
1032 1839 1208 1889 ignoscat
1238 1838 1416 1878 Atrides:

188 1905 254 1937 190
273 1896 478 1936 Difficilem
510 1899 619 1936 tenui
652 1896 724 1936 sub
757 1898 891 1948 iniquo
923 1897 1052 1936 iudice
1085 1909 1263 1937 causam.

272 1955 386 1995 Hunc
418 1961 547 1994 tamen
579 1955 724 1995 utilitas
755 1955 889 2007 populi
921 1955 1119 2006 fraterque
1152 1955 1307 2006 datique

274 2014 433 2053 Summa
453 2019 582 2053 movet
602 2015 767 2067 sceptri,
781 2013 934 2053 laudem
953 2019 997 2052 ut
1017 2025 1105 2052 cum
1127 2016 1313 2065 sanguine
1333 2020 1491 2065 penset.

272 2072 405 2112 Mittor
436 2078 476 2111 et
506 2072 552 2111 ad
585 2078 778 2125 matrem,
811 2084 908 2124 quae
947 2083 1024 2111 non
1056 2072 1244 2111 hortanda
1263 2104 1274 2125 ,
1306 2071 1374 2111 sed
1406 2078 1492 2112 astu

272 2130 508 2183 Decipienda
540 2131 642 2171 suit.
681 2143 756 2182 quo
790 2133 821 2170 si
854 2129 1102 2169 Telamonius
1134 2132 1252 2183 isset,

190 2197 255 2228 195
277 2189 382 2229 Orba
413 2190 495 2229 suis
527 2195 660 2228 essent
690 2191 806 2228 etiam
838 2201 943 2228 nunc
975 2189 1090 2227 lintea
1122 2190 1272 2228 ventis.

272 2247 405 2287 Mittor
437 2254 477 2287 et
506 2247 641 2287 Iliacas
674 2248 796 2287 audax
829 2253 959 2287 orator
992 2247 1035 2285 ad
1069 2259 1203 2300 arces,

272 2304 439 2357 Visaque
472 2312 512 2345 et
542 2308 684 2346 intrata
716 2312 776 2345 est
805 2306 902 2345 altae
934 2305 1027 2344 mihi
1061 2307 1169 2345 curia
1200 2305 1363 2346 Troiae:
