1554 2563
113 140 139 182 2
146 141 197 182 12
328 153 543 176 nmmum-{ns
662 140 879 176 METAMM
891 166 903 178 .

143 258 209 290 580
231 251 461 304 Obstipuit,
493 250 712 302 tollensque
743 263 882 291 manus
915 248 1153 302 “‘ignoscite
1171 249 1198 306 ‚’
1230 252 1328 292 dixit

232 307 355 355 ‘Quos
386 309 500 349 modo
534 310 713 362 culpavi.
752 310 926 349 nondum
957 310 1052 349 mihi
1084 312 1253 362 praemia
1286 317 1402 364 nota,

232 368 339 414 Quae
371 370 584 422 peteretis,
617 374 729 407 erant
749 365 805 407 .'”
837 368 1029 408 laudando
1063 371 1234 421 concipit
1263 371 1396 422 ignes,

229 426 308 479 Et,
341 439 390 466 ne
423 428 510 478 quis
542 429 727 466 iuvenum
760 433 894 466 currat
924 427 1125 480 velocius,
1158 434 1266 479 optat

230 485 454 537 Invidiaque
486 487 628 525 timet.
668 482 804 536 [msed
836 498 908 525 cur
939 487 1165 525 certaminis
1197 487 1314 526 huius

144 552 210 584 585
231 545 465 596 Intemptata
496 545 591 584 mihi
623 545 779 584 fortuna
810 545 1048 597 relinquitur
1066 542 1103 584 ’θ’
1135 547 1263 597 inquit

231 601 445 643 ‘Audentes
478 604 575 643 deus
606 604 690 655 ipse
721 605 828 642 iuvat
847 600 904 643 .’''
943 603 1036 643 dum
1067 604 1157 643 talia
1188 616 1323 644 secum

230 662 360 714 Exigi-t
392 662 685 715 Hippomenes,
717 674 835 713 passu
866 662 968 701 volat
999 662 1089 702 alite
1121 664 1253 715 virg0.

232 721 338 767 Quae
372 733 606 772 quamquam
640 720 819 772 Scythica
851 732 929 760 non
962 723 1091 760 secius
1122 723 1180 761 ire
1213 723 1350 774 sagitta

229 780 352 819 Aonio
385 782 466 819 visa
496 785 557 819 est
586 781 718 819 iuveni
736 811 747 832 ‚
779 785 909 818 tamen
940 779 1004 818 ille
1036 780 1219 819 decorem

143 846 211 878 590
230 838 394 878 Miratur
425 840 572 890 magis.
611 844 651 878 et
681 850 822 878 cursus
854 839 946 878 facit
976 838 1040 877 ille
1072 839 1275 878 decorem.

230 899 334 937 Aura
366 898 489 936 refert
519 897 644 936 ablata
676 899 764 936 citis
795 897 930 936 talaria
961 897 1127 949 plantis:

229 956 433 1008 Tergaque
466 958 660 996 iactantur
691 957 820 995 crines
852 968 923 1007 per
955 955 1128 995 eburnea
1145 988 1157 1009 ‚
1190 968 1366 1009 quaeque

230 1015 449 1067 Poplitibus
482 1015 670 1054 suberant
701 1016 804 1067 picto
837 1014 1014 1066 genualia
1045 1014 1188 1055 limboz

231 1074 352 1125 inque
385 1074 549 1125 puellari
582 1086 725 1125 corpus
757 1073 926 1112 candore
959 1072 1145 1113 ruborem

143 1140 209 1172 595
230 1132 419 1171 Traxerat
437 1165 447 1185 ‚
479 1132 581 1171 haud
614 1132 756 1185 aliter,
788 1144 903 1183 quam
936 1144 1025 1172 cum
1058 1144 1177 1184 super
1203 1135 1300 1172 atria
1327 1132 1453 1172 velum

230 1190 401 1230 Candida
432 1203 677 1242 purpureum
710 1191 908 1230 simulatas
940 1191 1064 1230 inficit
1095 1191 1277 1230 umbras.

231 1249 331 1289 Dum
357 1255 466 1288 notat
490 1250 585 1288 haec
614 1249 756 1301 hospes
769 1249 798 1302 ,]
827 1250 992 1288 decursa
1018 1251 1227 1289 novissima
1255 1256 1355 1289 meta
1376 1258 1454 1302 est,

230 1307 280 1347 Et
312 1310 456 1359 tegitur
489 1309 587 1347 festa
618 1309 755 1347 victrix
789 1308 963 1346 Atalanta
996 1320 1162 1347 corona.

230 1366 331 1406 Dant
361 1369 549 1418 gemitum
581 1368 672 1405 victi
690 1398 701 1418 ,
732 1366 986 1417 penduntque
1020 1379 1066 1405 ex
1099 1367 1256 1406 foedere
1288 1379 1453 1419 poenas,

145 1433 210 1465 500
230 1425 316 1464 Non
349 1431 479 1464 tamen
512 1431 653 1464 eventu
685 1426 836 1464 iuvenis
869 1425 1082 1464 deterritus
1114 1425 1255 1464 horum

231 1484 415 1523 Constitit
446 1486 485 1523 in
520 1484 646 1522 medio
665 1515 676 1536 ,
708 1483 896 1534 vultuque
928 1485 969 1522 in
1000 1485 1150 1535 virgine
1182 1485 1257 1523 fixo

231 1540 381 1588 ee‘Quid
414 1543 566 1582 facilem
599 1542 755 1582 titulum
787 1542 1009 1594 superando
1043 1544 1198 1594 quaeris
1230 1541 1413 1583 inertes?

230 1602 384 1641 Mecum
416 1602 552 1641 confer
570 1598 595 1640 1'
628 1603 681 1640 ait
713 1598 798 1640 ‘seu
831 1613 893 1639 me
925 1601 1082 1640 fortuna
1112 1606 1314 1653 potentem

231 1660 415 1713 Fecerit,
447 1672 469 1699 a
501 1665 608 1699 tanto
641 1672 718 1699 non
751 1659 1004 1710 indignabere
1037 1661 1161 1700 vinci.

143 1726 209 1758 605
230 1719 407 1770 Namque
438 1718 532 1758 mihi
564 1720 718 1770 genitor
749 1718 953 1769 Megareus
985 1717 1252 1758 Onchestius:
1282 1719 1337 1758 illi

230 1777 302 1817 Est
331 1777 538 1829 Neptunus
569 1789 693 1817 avus:
724 1788 921 1829 pronepos
953 1789 1024 1828 ego
1058 1779 1162 1829 regis
1194 1789 1404 1829 aquarum.

231 1836 312 1876 Nec
343 1837 467 1875 virtus
500 1838 597 1875 citra
629 1848 752 1887 genus
784 1840 872 1874 est.
911 1847 981 1874 seu
1013 1837 1175 1889 vincar,
1206 1835 1366 1875 habebis

230 1895 474 1947 Hippomene
506 1896 608 1934 vict-0
641 1906 823 1946 magnum
855 1899 894 1933 et
924 1894 1176 1934 memorabile
1208 1892 1421 1934 nomen.'’'

230 1953 336 1993 Talia
368 1954 564 1993 dicentem
596 1953 702 1992 molli
734 1953 949 1992 Schoeneia
980 1953 1089 1992 vultu

144 2021 211 2053 510
230 2013 410 2066 Aspicit,
441 2018 480 2051 et
511 2012 692 2064 dubitat,
723 2013 900 2063 superari
932 2023 980 2050 an
1012 2013 1168 2051 vincere
1201 2012 1328 2052 malit.

231 2071 356 2122 Atque
390 2072 442 2110 ita
474 2067 610 2122 “‘quis
635 2071 732 2110 deus
761 2070 865 2109 hunc
892 2067 1089 2109 formosis’
1122 2072 1249 2122 inquit
1281 2069 1452 2123 ‘iniquus

231 2130 402 2169 Perdere
435 2129 545 2181 vult,
577 2141 769 2180 caraeque
800 2128 909 2168 iubet
940 2128 1165 2168 discrimine
1197 2131 1297 2169 vitae

232 2188 465 2239 Coniugium
497 2193 632 2240 petere
664 2185 773 2227 hoc?
810 2199 888 2226 non
914 2198 1024 2239 sum,
1057 2199 1118 2227 me
1150 2188 1301 2241 iudice,
1333 2190 1452 2228 tanti.

233 2247 311 2285 Nec
344 2248 466 2286 forma
498 2252 667 2300 tangor,
698 2268 752 2274 —-
785 2252 962 2298 poteram
994 2251 1123 2284 tamen
1155 2245 1226 2285 hac
1258 2259 1413 2298 quoque

1259 2307 1365 2357 tangi
1397 2326 1451 2333 -—

142 2372 210 2403 615
232 2363 308 2402 Sed
324 2363 425 2414 quod
441 2363 566 2403 adhuc
586 2375 685 2415 puer
699 2368 778 2402 est.
806 2375 883 2402 non
898 2374 958 2402 me
974 2369 1102 2402 movet
1121 2365 1225 2414 ipse,
1245 2364 1313 2403 sed
1327 2374 1452 2404 aetas.
