1554 2563
149 115 232 157 142
402 129 532 152 Amcus
693 115 907 151 METAMM
921 144 928 152 .

176 233 245 266 560
265 226 418 278 Corpus
449 226 568 266 humo
594 226 766 279 gelidum
785 259 796 279 ,
827 226 895 266 sed
916 226 1060 266 humus
1080 226 1128 266 de
1154 239 1320 279 corpore
1341 227 1486 268 fervet.

263 285 345 324 Nec
375 284 599 325 moderator
630 285 769 338 adest,
800 287 919 337 inque
951 288 1057 338 ipsos
1089 297 1201 325 saeva
1232 285 1433 326 medentes

263 343 446 395 Erumpit
478 344 607 383 clades
625 376 637 396 ,
669 344 892 395 obsuntque
924 343 1152 384 auctoribus
1183 350 1311 384 artes.

264 402 350 448 Quo
382 404 543 455 propior
574 405 741 454 quisque
773 408 835 442 est
865 405 1063 454 servitque
1095 402 1247 442 fidelius
1279 415 1419 455 aegro,

264 461 492 513 In-partem
523 461 591 501 leti
623 463 739 502 citius
771 463 904 501 venit.
946 469 1067 513 utque
1100 461 1235 501 salutis

175 527 243 560 565
265 519 364 571 Spes
396 520 518 574 abiit,
549 521 746 572 finemque
778 520 911 559 vident
942 523 981 559 in
1014 521 1152 560 funere
1184 519 1335 574 morbi,

264 578 472 630 Indulgent
502 581 640 619 animis
673 584 712 618 et
743 579 847 618 nulla
865 610 877 632 ‚
909 579 1002 630 quid
1035 579 1129 618 utile
1148 611 1159 631 ‚
1191 591 1286 618 cura
1317 584 1400 632 est;

263 637 367 676 Utile
399 639 504 677 enim
535 638 632 678 nihil
663 643 751 677 est.
790 639 935 689 passim
966 639 1173 689 positoque
1205 637 1357 690 pudore

265 696 457 736 Fontibus
489 702 529 737 et
559 697 687 736 fluviis
718 698 927 748 puteisque
959 696 1167 749 capacibus
1200 696 1386 736 haerent.

266 754 366 806 [Nec
397 757 483 795 sitis
514 761 575 796 est
607 757 777 795 extincta
807 756 917 807 prius
949 767 1065 807 quam
1096 757 1173 794 vita
1204 755 1372 795 bibendo
1388 754 1415 806 .]

177 822 245 854 570
265 814 359 853 Inde
390 827 527 866 graves
559 814 672 854 multi
703 820 906 865 nequeunt
937 826 1177 866 consurgere
1196 846 1208 867 ‚
1240 820 1279 853 et
1309 815 1405 866 ipsis

264 872 535 913 Inmoriuntur
567 875 705 925 aquis.
744 873 884 924 aliquis
915 879 1046 912 tamen
1076 873 1208 912 haurit
1238 878 1277 912 et
1308 872 1414 912 illas.

264 931 466 984 Tantaque
499 938 591 973 sunt
622 933 777 972 miseris
808 933 924 971 invisi
956 932 1080 971 taedia
1111 931 1223 984 lecti,

264 990 482 1031 Prosiliunt
499 1023 511 1044 ,
542 997 610 1030 aut
641 993 674 1030 si
704 990 916 1043 prohibent
947 992 1164 1030 consistere
1196 992 1323 1043 vires,

265 1049 439 1101 Corpora
471 1050 681 1089 devolvunt
711 1051 752 1089 in
784 1049 976 1089 humum:
1009 1050 1241 1101 fugiuntque
1273 1054 1433 1100 penates

177 1116 244 1147 575
266 1108 441 1160 Quisque
474 1121 567 1148 suos
587 1140 596 1148 .
635 1121 704 1147 sua
736 1110 879 1159 cuique
911 1108 1051 1147 domus
1084 1109 1237 1147 funesta
1271 1107 1444 1147 videtur.

266 1166 334 1217 [Et
365 1169 454 1219 quia
487 1179 602 1207 causa
634 1167 755 1220 latet,
786 1167 896 1206 locus
929 1173 989 1206 est
1019 1168 1059 1206 in
1091 1167 1255 1206 crimine
1288 1172 1404 1206 notus
1418 1165 1446 1216 .]

266 1225 524 1265 Semianimes
556 1238 689 1265 errare
721 1227 822 1278 viis,
854 1226 948 1264 dum
980 1231 1097 1264 stare*
1116 1225 1318 1277 valebant,

264 1285 500 1337 Aspiceres3
532 1284 671 1323 flentes
703 1284 799 1323 alios
829 1289 1014 1335 terraque
1046 1286 1241 1336 iacentes,

265 1342 460 1394 Lassaque
494 1350 694 1382 versantes
726 1355 910 1394 supremo
942 1343 1088 1382 lumina
1119 1348 1227 1381 motu

177 1410 245 1441 580
266 1400 536 1453 [Membraque
568 1402 775 1453 pendentis
806 1401 973 1440 tendunt
1003 1401 1050 1441 ad
1082 1401 1210 1440 sidera
1242 1400 1338 1440 caeli
1350 1399 1379 1453 ,]

264 1459 336 1499 Hic
355 1493 366 1513 ‚
397 1460 477 1499 illic
496 1492 507 1513 ,
538 1460 606 1499 ubi
638 1472 743 1499 mors
770 1460 1061 1512 deprenderat,
1092 1459 1340 1499 exhalantes.

266 1519 368 1565 Quid
400 1519 495 1558 mihi
527 1526 621 1558 tunc
653 1520 770 1558 animi
803 1516 917 1558 suit?
948 1531 996 1558 an
1028 1518 1132 1569 quod
1164 1518 1300 1558 debuit
1330 1529 1440 1571 esse,

266 1577 316 1617 Ut
346 1579 463 1617 vitam
495 1578 666 1617 odissem
697 1585 738 1616 et
768 1590 955 1629 cuperem
985 1589 1077 1629 pars
1108 1589 1195 1617 esse
1228 1574 1440 1617 meorum?

265 1636 351 1682 Quo
383 1649 426 1676 se
458 1649 626 1688 cumque
659 1637 762 1675 acies
793 1636 998 1675 oculorum
1029 1636 1191 1675 flexerat
1208 1667 1219 1688 ,
1249 1635 1328 1675 illic

177 1702 245 1734 585
267 1694 414 1746 Vulgus
444 1704 530 1735 erat
560 1701 726 1734 stratum
746 1726 758 1747 ‚
791 1694 908 1733 veluti
941 1707 1030 1734 cum
1063 1696 1191 1746 putria
1224 1696 1340 1733 motis

265 1752 385 1792 Poma
416 1754 561 1792 cadunt
592 1755 709 1792 ramis
742 1755 960 1804 agitataque
993 1753 1080 1792 ilice
1112 1753 1292 1804 glandes.

265 1811 425 1863 Templa
459 1812 565 1851 vides
597 1818 732 1851 contra
764 1812 948 1862 gradibus
981 1811 1160 1850 sublimia
1191 1812 1340 1862 longis:

266 1870 442 1922 Iuppiter
474 1870 536 1909 illa
570 1876 703 1909 tenet.
742 1871 830 1920 quis
863 1882 940 1908 non
972 1869 1160 1909 altaribus
1192 1869 1268 1908 illis

266 1928 381 1968 Irrita
414 1935 498 1968 tura
532 1926 660 1968 tulit?
691 1929 873 1979 quotiens
905 1940 977 1979 pro
1009 1930 1174 1979 coniuge
1206 1930 1399 1979 coniunx,

178 1995 246 2027 590
265 1987 342 2026 Pro
374 1994 489 2039 gnato
522 1989 705 2039 genitor,
736 1986 830 2026 dum
863 1986 979 2025 verba
1010 1988 1209 2038 precantia
1241 1986 1358 2038 dicit,

265 2045 351 2085 Non
383 2048 553 2085 exoratis
584 2047 751 2085 animam
782 2045 904 2084 finivit
934 2046 974 2084 in
1007 2046 1107 2097 aris,

267 2104 388 2155 Inque
421 2116 538 2143 manu
570 2105 670 2143 turis
701 2115 791 2155 pars
822 2105 1097 2154 inconsumpta
1128 2110 1285 2155 reperta
1317 2102 1398 2143 est!

265 2162 421 2202 Admoti
453 2164 635 2214 quotiens
668 2162 823 2213 templis
842 2193 853 2214 ‚
884 2161 978 2201 dum
1011 2167 1097 2201 vota
1129 2161 1311 2201 sacerdos

267 2220 446 2273 Concipit
477 2227 517 2260 et
549 2221 677 2261 fundit
706 2232 852 2272 purum
884 2221 986 2259 inter
1018 2232 1164 2259 cornua
1198 2222 1353 2271 vinum,

178 2287 245 2319 595
266 2278 377 2318 Haud
410 2286 613 2331 expectato
646 2278 875 2318 ceciderunt
906 2278 1067 2318 vulnere
1099 2278 1223 2318 tauri!

266 2337 353 2390 Ipse
386 2350 458 2388 ego
490 2350 600 2377 sacra
632 2337 712 2377 lovi
743 2349 814 2389 pro
847 2348 909 2376 me
940 2338 1144 2389 patriaque
1176 2336 1381 2388 tribusque
