1554 2563
163 145 245 187 328
360 158 423 182 mv
437 173 445 180 .
472 158 588 183 muns
713 145 928 181 METAMM
942 173 951 183 .

280 256 369 294 Fata
401 256 459 294 tui
489 256 673 306 generis.
713 255 789 307 legi
820 257 902 307 ipse
935 257 1140 307 animoque
1170 259 1297 296 notavi

191 323 256 353 815
279 314 327 352 Et
358 314 525 352 reseram
543 345 555 365 ,
586 325 635 352 ne
667 314 720 353 sis
753 315 964 353 etiamnum
996 316 1129 366 ignara
1162 316 1302 354 futuri.

279 372 349 411 Hic
381 384 451 411 sua
482 371 718 425 complevit,
749 385 820 424 pro
853 385 929 424 quo
948 405 959 425 ‚
992 373 1210 427 Cytherea,
1242 374 1414 427 laboras,

277 430 470 482 'Tempora
501 431 688 482 perfectis
719 443 817 482 quos
849 436 977 470 terrae
1010 431 1144 471 debuit
1175 435 1307 472 annis.

278 489 328 528 Ut
359 489 456 528 deus
488 489 646 528 accedat
677 489 782 528 caelo
815 489 1048 541 templisque
1081 490 1256 543 locetur,

277 548 336 587 Tu
368 548 486 587 facies
518 553 711 599 natusque
743 560 867 600 suus3
899 550 966 600 qui
998 551 1165 587 nominis
1197 549 1312 588 heres

190 615 256 646 820
279 606 507 658 Impositum
539 607 640 646 feret
671 619 773 646 unus
805 619 934 659 onus,
967 607 1174 658 caedisque
1206 609 1379 659 parentis

277 665 355 703 Nos
387 667 427 704 in
460 664 558 704 bella
591 677 683 704 suos
716 666 953 704 fortissimus
985 665 1089 705 ultor
1121 665 1299 705 habebit.

279 724 385 763 lllius
417 725 601 774 auspiciis
633 723 815 763 obsessae
848 725 1000 762 moenia
1031 737 1166 776 pacem

278 782 385 821 Victa
417 787 553 833 petent
584 782 783 834 Mutinae3
815 782 1011 821 Pharsalia
1044 785 1185 822 sentiet
1216 783 1349 835 illum,

277 841 530 891 Emathiaque
564 843 707 880 iterum
739 841 947 880 madefient
978 841 1095 880 caede
1129 841 1320 894 Philippi,

188 908 255 938 825
276 899 325 938 Et
356 911 539 950 magnum
573 899 714 938 Siculis
746 912 889 938 nomen
921 899 1171 951 superabitur
1202 900 1341 940 undis:

276 958 518 1009 Romanique
551 957 662 997 ducis
695 960 864 997 coniunx
896 958 1081 1010 Aegyptia
1113 959 1246 998 taedae

277 1017 361 1055 Non
394 1016 494 1055 bene
526 1017 595 1055 fisa
628 1016 767 1055 cadet·
759 1017 1025 1068 ,frustraque
1059 1018 1135 1055 erit
1164 1016 1227 1055 illa
1258 1019 1426 1068 minata,

277 1075 478 1114 Servitura
510 1087 580 1114 suo
614 1047 800 1126 Capitol'ia
832 1080 966 1114 nostra
999 1075 1176 1127 Canopo.

276 1134 377 1179 Quid
409 1133 479 1172 tibi
511 1133 728 1172 barbariam
747 1165 758 1186 ‚
790 1140 926 1185 gentes
958 1133 1005 1172 ab
1037 1140 1205 1185 utroque
1236 1135 1407 1173 iacentes

188 1201 255 1231 830
277 1192 432 1231 Oceano
464 1204 668 1230 numerem
687 1190 709 1230 ἱ)
742 1192 1015 1243 quodcumque
1048 1191 1254 1231 habitabile
1287 1192 1402 1231 tellus

278 1250 483 1302 Sustinet,
515 1250 632 1289 huius
665 1251 768 1289 erit:
800 1256 944 1301 pontus
977 1263 1133 1301 quoque
1167 1252 1310 1290 serviet
1335 1250 1410 1290 illi.

275 1309 375 1348 Pace
407 1308 492 1347 data
526 1310 643 1347 terris
676 1310 846 1347 animum
879 1308 924 1347 ad
958 1308 1081 1347 civilia
1112 1314 1239 1348 vertet

275 1367 363 1407 Iura
396 1379 510 1405 suum
529 1399 539 1419 ,
571 1367 755 1418 legesque
788 1367 888 1405 feret
919 1368 1157 1405 iustissimus
1189 1373 1348 1406 auctor:

275 1425 541 1476 Exemploque
573 1437 644 1464 suo
677 1437 806 1464 mores
838 1431 977 1477 reget,
1008 1427 1128 1476 inque
1161 1425 1284 1464 futuri

187 1492 253 1524 835
275 1484 480 1549 Temporis
513 1489 679 1523 aetatem
712 1489 1046 1534 venturorumque
1079 1488 1267 1535 nepotum

274 1525 522 1594 Prospiciens
554 1542 706 1594 prolem
738 1548 870 1581 saneta
903 1542 949 1581 de
982 1543 1146 1592 coniuge
1179 1547 1308 1581 natam

275 1601 394 1640 Ferre
421 1601 536 1640 simul
568 1613 788 1652 nomenque
822 1612 938 1639 suum
969 1612 1162 1651 curasque
1193 1599 1365 1652 iubebit,

274 1660 354 1699 Nec
387 1661 461 1698 nisi
494 1672 583 1698 cum
616 1661 747 1698 senior
778 1659 923 1697 similes
956 1660 1179 1710 aequaverit
1210 1670 1354 1710 annos,

274 1718 476 1757 Aetherias
510 1718 623 1757 sedes
655 1723 896 1769 cognataque
929 1717 1056 1756 sidera
1090 1722 1243 1768 tanget.

186 1786 254 1816 840
275 1777 383 1816 Hanc
414 1778 581 1815 animam
612 1778 762 1816 interea
794 1788 906 1815 caeso
939 1776 986 1814 de
1019 1787 1184 1826 corpore
1216 1781 1365 1826 raptam

274 1836 349 1874 Fac
380 1834 493 1874 iubar
512 1867 522 1887 ,
554 1840 598 1874 ut
629 1846 784 1886 semper
817 1834 1002 1885 Capitolia
1034 1840 1168 1872 nostra
1200 1834 1406 1884 forumque

275 1894 393 1933 Divus
425 1893 471 1932 ab
504 1893 656 1932 excelsa
686 1898 912 1944 prospectet
944 1892 1064 1931 Iulius
1096 1892 1190 1931 aede
1205 1888 1229 1931 .'

332 1951 401 1990 Vix
434 1964 477 1990 ea
510 1953 611 1991 satus
643 1957 756 2003 erat,
787 1952 913 1990 media
945 1963 1034 1990 cum
1066 1950 1158 1989 sede
1190 1956 1348 1990 senatus

275 2011 458 2050 Constitit
489 2010 586 2049 alma
618 2009 776 2061 Venus,
808 2010 904 2048 nulli
935 2009 1130 2048 cernenda
1148 2041 1159 2061 ‚
1191 2010 1329 2059 suique

186 2078 252 2108 845
274 2069 451 2108 Caesaris
484 2070 629 2120 eripuit
661 2068 847 2106 membris
879 2080 951 2106 neo
982 2069 1022 2105 in
1050 2070 1138 2106 aera
1171 2067 1266 2105 solvi

274 2128 391 2166 Passa
422 2133 622 2166 recentem
655 2128 821 2165 animam
854 2126 1086 2165 caelestibus
1119 2125 1251 2164 intulit
1281 2126 1417 2164 astris.

274 2185 452 2237 Dumque
485 2186 602 2238 tulit,
634 2185 765 2224 lumen
798 2197 937 2235 capere
969 2190 1083 2234 atque
1116 2185 1318 2235 ignescere
1351 2183 1495 2234 sensit,

274 2243 492 2294 Emisitque
525 2245 612 2282 sinu
634 2275 642 2283 .
680 2243 772 2282 luna
803 2243 905 2281 volat
936 2242 1050 2281 altius
1082 2242 1167 2294 illa,

274 2302 643 2353 Flammiserumque
663 2301 821 2340 trahens
841 2302 1011 2352 spatioso
1030 2300 1151 2339 limite
1172 2301 1321 2338 crinem
1331 2307 1355 2333 f.
1370 2306 1493 2333 ccxviii·

187 2368 254 2398 850
276 2359 395 2398 Stella
426 2362 573 2399 micat:
605 2361 762 2411 natique
794 2359 930 2398 videns
961 2358 1165 2398 benefacta
1196 2358 1340 2397 fatetur
