1554 2563
594 155 645 191 XI
661 182 672 200 ,
699 159 884 192 127—200
899 183 907 191 .
1069 169 1176 191 »unas
1335 157 1418 197 221

197 266 357 306 Tmolus
388 266 434 305 ad
466 277 510 304 os
541 265 718 317 Phoebi;
758 266 907 305 vultum
940 278 1010 305 sua
1041 267 1136 306 silva
1169 272 1302 306 secuta
1336 273 1417 306 est.

113 326 264 365 165111e
297 331 414 377 caput
446 325 587 363 ssavum
618 325 728 364 lauro
760 324 972 364 Parnaside
1004 326 1158 365 vinctus

196 384 327 424 Verrit
358 384 520 422 humum
552 383 669 435 Tyrio
703 389 874 423 saturata
906 385 1055 423 murice
1088 384 1209 436 palla:

197 444 497 493 Instrictanique
530 442 646 481 fldem
677 444 841 494 gemmis
873 449 913 481 et
943 442 1127 482 dentibus
1160 443 1265 482 Indis

199 502 376 541 Sustinet
407 514 427 540 a
459 501 594 540 laeva:
626 502 754 540 tenuit
785 513 922 540 manus
956 501 1075 540 altera
1106 502 1324 553 plectrum.

196 562 366 600 Artificis
399 566 524 599 status
556 561 639 611 ipse
673 561 774 599 fuit.
813 566 896 599 tum
930 561 1093 599 stamina
1127 561 1244 600 docto

113 627 178 659 170
197 619 342 659 Pollice
376 619 586 671 sollicitat,
618 631 787 670 quorum
820 618 1025 658 dulcedine
1058 625 1196 671 captus

195 678 301 718 Pana
333 677 442 716 iubet
473 677 634 716 Tmolus
667 678 838 717 citharae
871 679 1117 717 summittere
1152 690 1317 717 cannas,

196 737 387 777 Iudicium
421 738 624 787 sanctique
656 736 784 788 placet
815 739 1008 776 sententia
1043 738 1185 776 montis

196 795 416 835 Omnibus.
455 797 633 846 arguitur
664 802 795 835 tamen
827 801 943 847 atque
974 797 1119 834 iniusta
1152 802 1311 835 vocatur

195 854 319 894 Unius
352 866 533 893 sermone
566 854 718 893 Midae.
757 866 829 894 nec
862 854 994 893 Delius
1027 866 1143 893 aures

111 921 175 953 175
195 913 413 952 Humanam
446 912 604 952 stolidas
637 914 783 964 patitur
816 915 987 952 retinere
1020 914 1208 964 figuram:
1284 923 1310 946 s·
1330 921 1418 947 clxii-

197 973 274 1012 Sed
307 973 425 1011 trahit
456 973 495 1010 in
528 974 695 1023 spatium
716 1004 726 1024 ‚
759 972 936 1023 villisque
969 971 1189 1011 albentibus
1221 972 1379 1024 implet,

195 1031 481 1082 Instabilesque
514 1032 610 1069 imas
643 1032 735 1069 facit
766 1037 804 1069 et
836 1031 900 1069 dat
931 1043 1047 1082 posse
1081 1033 1251 1069 moveri.

196 1089 335 1129 Cetera
368 1095 461 1128 sunt
490 1089 689 1129 hominis:
726 1095 878 1141 partem
910 1089 1115 1128 damnatur
1148 1094 1187 1128 in
1220 1101 1360 1141 unam,

196 1149 455 1199 induiturque
489 1160 603 1187 aures
636 1148 739 1187 lente
772 1148 986 1199 gradientis
1018 1148 1147 1187 aselli.

111 1216 176 1247 180
198 1207 266 1246 Ille
299 1207 456 1258 quidem
490 1207 616 1246 celare
649 1209 786 1259 cupit,
823 1206 1025 1258 [turpique
1057 1207 1208 1258 pudore

195 1266 388 1317 Tempora
420 1267 631 1317 purpureis
662 1265 843 1317 temptat]
878 1266 1005 1305 velare
1038 1267 1170 1304 tiaris.

197 1325 272 1364 Sed
306 1325 444 1364 solitus
476 1324 612 1375 longos
646 1325 750 1363 ferro
782 1337 962 1364 resecare
995 1324 1155 1376 capillos

196 1383 354 1423 Viderat
384 1383 458 1422 hoc
491 1383 657 1422 famulus
678 1415 686 1422 .
726 1385 793 1435 qui
825 1396 914 1423 cum
946 1395 1020 1422 nec
1051 1383 1219 1434 prodere
1252 1384 1378 1422 visum

197 1442 375 1481 Dedecus
407 1441 600 1493 auderet,
632 1444 794 1493 cupiens
828 1443 968 1481 efferre
1001 1441 1074 1481 s-ub
1107 1454 1244 1494 auras,

110 1509 176 1542 185
197 1501 278 1540 Nec
308 1507 443 1552 posset
474 1502 642 1539 reticere
674 1506 803 1539 tamen
823 1533 834 1553 ‚
866 1500 1043 1553 secedit,
1074 1500 1317 1551 humumque

196 1559 342 1599 Effodit
359 1591 370 1612 ‚
403 1565 470 1611 et,
503 1559 649 1597 domini
682 1559 816 1609 quales
849 1560 1045 1610 aspexerit
1075 1570 1214 1610 aures,

197 1618 299 1657 Voce
332 1618 455 1656 refert
486 1629 632 1670 parva,
664 1623 872 1669 terraeque
904 1619 1167 1656 inmurmurat
1198 1618 1382 1670 haustae3

197 1677 468 1728 Indiciumque
501 1688 594 1715 suae
627 1678 732 1715 vocis
765 1677 904 1716 tellure
937 1683 1091 1727 regesta

198 1735 369 1788 Obruit,
401 1741 441 1774 et
472 1735 677 1774 scrobibus
709 1737 850 1774 tacitus
883 1735 1049 1775 discedit
1080 1736 1252 1786 opertis.

112 1804 177 1836 190
198 1794 345 1833 Creber
378 1794 662 1833 harundinibus
695 1794 873 1833 tremulis
904 1793 957 1832 ibi
991 1806 1153 1845 surgere
1185 1794 1298 1834 lucus

199 1853 364 1905 Coepit,
397 1859 464 1905 et,
498 1858 540 1891 ut
571 1855 740 1904 primum
772 1853 887 1904 pleno
922 1854 1110 1892 maturuit
1141 1864 1267 1905 anno,

197 1911 375 1951 Prodidit
407 1911 645 1963 agricolam:
676 1911 755 1950 leni
786 1923 875 1950 nam
907 1918 1036 1950 motus
1069 1911 1115 1950 ab
1149 1916 1282 1950 austro

198 1970 348 2010 Obruta
369 1970 485 2009 verba
512 1971 656 2023 refert,
683 1970 908 2020 dominique
929 1971 1105 2021 coarguit
1127 1981 1254 2009 aures.
1280 1979 1306 2004 f-
1321 1978 1419 2005 clxiii.

257 2029 369 2068 Ultus
402 2029 481 2067 abit
512 2028 648 2068 Tmolo
667 2060 678 2080 ,
709 2029 978 2080 liquidumque
1011 2040 1082 2079 per
1114 2031 1203 2067 aera
1235 2035 1369 2069 vectus

114 2097 176 2129 195
200 2089 420 2139 Angustum
451 2089 548 2127 citra
579 2094 743 2139 pontum
776 2087 1036 2139 NepheleIdos
1068 2086 1198 2126 Helles

199 2147 498 2186 Laomedonteis
530 2146 689 2185 Latoius
721 2148 844 2185 astitit
875 2148 998 2185 arvis.

200 2205 366 2245 Dextera
401 2204 534 2258 Sigei,
565 2205 730 2244 Rhoetei
761 2205 867 2244 laeva
898 2205 1083 2256 profundi

199 2264 275 2303 Ara
306 2264 578 2316 Panomphaeo
610 2270 722 2303 vetus
755 2269 816 2303 est
847 2270 996 2303 sacrata
1028 2264 1218 2304 Tonanti.

201 2322 293 2362 Inde
326 2335 447 2361 novae
478 2325 649 2374 primum
680 2323 808 2361 moliri
840 2324 992 2362 moenia
1023 2322 1162 2361 Troiae

113 2390 182 2422 200
201 2381 462 2421 Laomedonta
493 2381 626 2433 videt,
658 2387 918 2434 susceptaque
951 2393 1088 2433 magna
1118 2381 1249 2421 labore
