1554 2563
508 79 592 115 XIV
607 108 615 124 ,
641 83 824 115 351-421
841 108 849 115 .
1004 91 1101 115 PICUS
1263 77 1346 119 293

42 195 108 227 385
130 188 261 227 Rebus
274 185 301 241 ,'
334 191 386 228 ait
419 186 500 228 ‘sed
528 201 659 228 amans
691 196 731 229 et
762 189 864 228 laesa
896 195 935 228 et
966 189 1109 229 semina
1141 187 1251 228 Circe
1267 185 1346 238 !”’]

129 247 228 286 Tum
260 246 319 286 bis
352 247 398 286 ad
430 259 622 301 occasus,
653 247 713 287 bis
744 260 786 287 se
818 249 1011 287 convertit
1042 247 1088 286 ad
1119 252 1253 298 ortus,

128 304 206 344 Ter
238 307 418 345 iuvenem
451 306 587 346 baculo
620 308 775 359 tetigit,
807 308 881 345 tria
913 307 1084 345 carmina
1116 305 1234 345 dixit.

128 363 195 402 Ille
229 364 355 417 sugit,
388 364 455 403 sed
488 377 531 404 se
562 364 675 404 solito
708 365 879 404 velocius
911 366 994 416 ipse

129 421 298 461 Currere
330 425 522 462 miratur.
560 435 707 474 pennas
739 424 779 462 in
811 435 976 474 corpore
1007 423 1124 462 vidit:
1208 430 1234 456 ί.
1253 430 1344 455 cxcii·

42 488 108 519 390
130 479 258 531 Seque
291 493 429 520 novam
461 481 590 520 sub-ito
623 481 743 520 Latiis
775 482 961 521 accedere
994 481 1098 520 silvis

130 538 354 590 Indignatus
386 552 524 592 avem,
555 540 654 579 d-uro
687 541 768 579 sera
800 540 941 579 robora
972 547 1102 579 rostro

128 597 230 648 Figit
248 629 258 650 ‚
290 604 330 637 et
361 599 484 637 iratus
516 598 641 649 longis
673 599 738 637 dat
770 599 929 637 vulnera
962 600 1101 637 ramis.

129 655 380 707 Purpureum
413 657 624 708 chlamydis
655 669 807 708 pennae
839 663 993 696 traxere
1027 656 1220 708 colore1n3

131 714 266 753 Fibula
306 715 409 766 quod
446 715 575 754 fuerat
592 747 603 768 ‚
634 721 860 766 vestemque
892 715 1156 754 momorderat
1187 726 1349 766 aurum,

42 780 109 811 395
129 772 265 812 Pluma
297 774 340 812 fit
357 805 368 826 ‚
401 779 440 812 et
471 774 574 813 fulvo
608 775 738 813 cervix
768 775 1035 825 praecingitur
1068 785 1186 813 auro:

130 831 211 870 Nec
243 833 452 883 quicquam
484 834 634 883 antiqui
666 832 758 872 Pico
791 834 868 872 nisi
899 834 1055 872 nomina
1087 837 1232 871 restat.

130 889 283 929 Interea
315 892 507 943 comites,
539 891 702 930 clamato
736 903 850 942 saepe
882 903 954 943 per
985 903 1099 942 agros

130 948 374 1000 Nequiquam
407 949 499 988 Pico
531 949 714 1000 nullaque
746 951 785 988 in
817 955 927 1001 parte
959 955 1141 1001 reperto,

131 1007 339 1046 Inveniunt
371 1008 539 1060 Circen,
572 1030 626 1035 ——
661 1020 748 1046 nam
780 1010 856 1047 iam
888 1013 1115 1047 tenuaverat
1146 1019 1283 1059 auras,

44 1073 111 1105 400
131 1066 327 1117 Passaque
360 1072 444 1105 erat
475 1066 636 1105 nebulas
668 1068 794 1106 ventis
826 1078 869 1105 ac
901 1066 981 1105 sole
1014 1066 1163 1105 recludi
1190 1087 1245 1093 -—

133 1124 448 1175 Criminibusque
481 1129 666 1176 premunt
702 1126 835 1177 veris,
866 1137 1078 1176 regemque
1116 1129 1351 1175 reposcunt,

131 1182 292 1233 Vimque
327 1183 458 1222 ferunt
476 1215 486 1235 ‚
519 1185 721 1234 saevisque
752 1190 891 1234 parant
922 1185 1119 1222 incessere
1152 1183 1262 1221 telis.

131 1241 197 1280 illa
229 1253 375 1280 nocens
407 1243 554 1293 spargit
584 1243 691 1280 virus
723 1254 918 1292 sucosque
949 1243 1118 1293 veneni,

131 1299 181 1338 Et
211 1299 376 1339 Noctem
407 1300 621 1351 Noctisque
654 1300 748 1339 deos
779 1300 989 1351 Ereboque
1022 1299 1205 1350 Chaoque

47 1365 111 1396 405
133 1358 327 1397 Convocat
358 1364 397 1397 et
427 1358 552 1410 longis
584 1358 758 1398 Hecaten
789 1358 1002 1398 ululatibus
1034 1364 1142 1398 orat:

132 1416 335 1455 Exsiluere
366 1416 451 1455 loco
484 1439 538 1444 —
572 1416 678 1456 dictu
710 1416 885 1455 mirabile
917 1439 975 1444 ——-
1007 1416 1147 1468 silvae,

132 1475 404 1526 Ingemuitque
438 1475 564 1514 solum
583 1506 594 1527 ,
626 1476 827 1526 vicinaque
860 1475 995 1526 palluit
1026 1475 1166 1527 arbor,

135 1533 356 1584 Sparsaque
388 1535 612 1585 sanguineis
643 1533 878 1572 maduerunt
909 1533 1048 1585 pabula
1080 1534 1224 1585 guttiS,

134 1592 183 1630 Et
214 1591 361 1643 lapides
392 1593 465 1630 visi
497 1594 669 1642 mugit-us
702 1592 818 1633 edere
850 1604 1014 1644 raucos,

50 1658 114 1690 410
134 1650 184 1689 Et
213 1649 356 1689 latrare
389 1662 505 1689 canes
538 1657 576 1689 et
608 1650 751 1689 humus
783 1650 1033 1701 serpentibus
1066 1651 1160 1689 atris

135 1708 323 1759 Squalere
356 1715 395 1747 et
426 1714 565 1747 tenues
598 1710 748 1747 animae
779 1708 940 1747 volitare
974 1709 1182 1747 silentum.

134 1768 352 1806 Attonitum
384 1769 570 1806 monstris
601 1767 739 1817 vulgus
770 1773 911 1818 pavet:
943 1767 1006 1806 illa
1037 1767 1213 1819 paventis

132 1825 213 1864 Ora
243 1832 430 1864 venenata
465 1826 591 1876 tetigit
622 1827 799 1864 mirantia
833 1827 962 1877 virga,

136 1883 256 1923 Cuius
288 1883 335 1922 ab
368 1890 512 1923 attactu
545 1885 739 1922 variarum
770 1889 944 1922 monstra
976 1884 1148 1922 serarum
1199 1891 1229 1917 1-
1249 1891 1351 1918 exciit-

48 1943 177 1981 415111
210 1944 369 1981 iuvenes
401 1944 590 1981 veniunt.
629 1942 724 1981 nulli
757 1954 826 1981 sua
857 1943 1000 1981 mansit
1029 1943 1178 1992 imago.

137 2001 342 2052 Sparserat
372 2001 560 2040 occiduus
592 2000 788 2039 Tartessia
818 2000 933 2039 litora
962 2000 1168 2052 Phoebus,

134 2059 184 2098 Et
214 2060 361 2099 frustra
393 2061 563 2098 coniunx
595 2058 717 2099 oculis
750 2059 957 2109 animoque
991 2058 1174 2097 Canentis

134 2117 373 2169 Expectatus
406 2123 518 2157 erat.
557 2117 689 2156 famuli
721 2117 968 2169 populusque
1000 2129 1072 2168 per
1103 2128 1238 2155 omnes

135 2175 372 2215 Discurrunt
404 2176 519 2215 silvas
550 2181 666 2226 atque
699 2175 811 2214 obvia
842 2175 987 2214 lumina
1019 2181 1199 2227 portant.

53 2240 116 2274 120
135 2234 216 2274 Nec
248 2235 342 2274 satis
374 2240 433 2273 est
463 2234 653 2285 nymphae
687 2234 780 2273 ssere
813 2240 852 2273 et
882 2233 1054 2273 lacerare
1087 2233 1245 2285 capillos

135 2292 186 2332 Et
215 2292 307 2332 dare
338 2292 593 2345 plangorem:
626 2293 717 2332 facit
753 2291 849 2331 haee
886 2297 1015 2331 tamen
1047 2294 1205 2344 omnia,
1237 2303 1356 2343 seque
