<?xml version="1.0" encoding="UTF-8"?>
<!DOCTYPE html PUBLIC "-//W3C//DTD XHTML 1.0 Transitional//EN"
    "http://www.w3.org/TR/xhtml1/DTD/xhtml1-transitional.dtd">
<html xmlns="http://www.w3.org/1999/xhtml" xml:lang="en" lang="en">
 <head>
  <title>
</title>
<meta http-equiv="Content-Type" content="text/html;charset=utf-8" />
  <meta name='ocr-system' content='tesseract 3.04.00' />
  <meta name='ocr-capabilities' content='ocr_page ocr_carea ocr_par ocr_line ocrx_word'/>
</head>
<body>
  <div class='ocr_page' id='page_1' title='image "./operaovid02oviduoft_0212.png"; bbox 0 0 1554 2563; ppageno 0'>
   <div class='ocr_carea' id='block_1_1' title="bbox 132 111 921 156">
    <p class='ocr_par' dir='ltr' id='par_1_1' title="bbox 132 111 921 156">
     <span class='ocr_line' id='line_1_1' title="bbox 132 111 921 156; baseline 0 -8"><span class='ocrx_word' id='word_1_1' title='bbox 132 114 214 156; x_wconf 82' lang='lat'><strong>140</strong></span> <span class='ocrx_word' id='word_1_2' title='bbox 383 125 513 148; x_wconf 71' lang='lat' dir='ltr'><strong>AEAcUfl</strong></span> <span class='ocrx_word' id='word_1_3' title='bbox 687 111 903 147; x_wconf 85' lang='lat' dir='ltr'>METAMM</span> <span class='ocrx_word' id='word_1_4' title='bbox 914 141 921 148; x_wconf 93' lang='lat'>.</span> 
     </span>
    </p>
   </div>
   <div class='ocr_carea' id='block_1_2' title="bbox 160 216 1484 2380">
    <p class='ocr_par' dir='ltr' id='par_1_2' title="bbox 160 216 1484 2380">
     <span class='ocr_line' id='line_1_2' title="bbox 248 216 1296 274; baseline -0.003 -12"><span class='ocrx_word' id='word_1_5' title='bbox 248 222 476 274; x_wconf 80' lang='lat' dir='ltr'>Cecropidis</span> <span class='ocrx_word' id='word_1_6' title='bbox 507 222 579 261; x_wconf 91' lang='lat' dir='ltr'><strong>hac</strong></span> <span class='ocrx_word' id='word_1_7' title='bbox 610 228 672 261; x_wconf 89' lang='lat' dir='ltr'><strong>est</strong></span> <span class='ocrx_word' id='word_1_8' title='bbox 701 221 846 261; x_wconf 90' lang='lat' dir='ltr'><strong>tellus:</strong></span> <span class='ocrx_word' id='word_1_9' title='bbox 878 233 922 260; x_wconf 90' lang='lat' dir='ltr'><strong>ea</strong></span> <span class='ocrx_word' id='word_1_10' title='bbox 955 220 1112 260; x_wconf 78' lang='lat' dir='ltr'>foedera</span> <span class='ocrx_word' id='word_1_11' title='bbox 1143 216 1296 259; x_wconf 87' lang='lat' dir='ltr'><strong>nobis.’</strong></span> 
     </span>
     <span class='ocr_line' id='line_1_3' title="bbox 248 275 1432 331; baseline -0.003 -11"><span class='ocrx_word' id='word_1_12' title='bbox 248 282 392 321; x_wconf 84' lang='lat' dir='ltr'><strong>Tristis</strong></span> <span class='ocrx_word' id='word_1_13' title='bbox 424 281 504 319; x_wconf 86' lang='lat' dir='ltr'><strong>abit</strong></span> <span class='ocrx_word' id='word_1_14' title='bbox 536 277 725 319; x_wconf 74' lang='lat' dir='ltr'><strong>‘stabunt’</strong></span> <span class='ocrx_word' id='word_1_15' title='bbox 759 292 835 331; x_wconf 91' lang='lat' dir='ltr'><strong>que</strong></span> <span class='ocrx_word' id='word_1_16' title='bbox 868 276 955 318; x_wconf 82' lang='lat' dir='ltr'><strong>‘tibi</strong></span> <span class='ocrx_word' id='word_1_17' title='bbox 987 284 1053 318; x_wconf 90' lang='lat' dir='ltr'><strong>tua</strong></span> <span class='ocrx_word' id='word_1_18' title='bbox 1084 279 1243 318; x_wconf 83' lang='lat' dir='ltr'><strong>foedera</strong></span> <span class='ocrx_word' id='word_1_19' title='bbox 1275 275 1432 330; x_wconf 80' lang='lat' dir='ltr'><strong>magno’</strong></span> 
     </span>
     <span class='ocr_line' id='line_1_4' title="bbox 248 338 1244 393; baseline -0.003 -14"><span class='ocrx_word' id='word_1_20' title='bbox 248 340 381 393; x_wconf 86' lang='lat' dir='ltr'><strong>Dixit,</strong></span> <span class='ocrx_word' id='word_1_21' title='bbox 413 345 452 378; x_wconf 90' lang='lat' dir='ltr'><strong>et</strong></span> <span class='ocrx_word' id='word_1_22' title='bbox 478 339 612 378; x_wconf 90' lang='lat' dir='ltr'><strong>utilius</strong></span> <span class='ocrx_word' id='word_1_23' title='bbox 643 338 790 378; x_wconf 89' lang='lat' dir='ltr'><strong>bellum</strong></span> <span class='ocrx_word' id='word_1_24' title='bbox 821 343 934 390; x_wconf 88' lang='lat' dir='ltr'><strong>putat</strong></span> <span class='ocrx_word' id='word_1_25' title='bbox 964 349 1051 377; x_wconf 90' lang='lat' dir='ltr'><strong>esse</strong></span> <span class='ocrx_word' id='word_1_26' title='bbox 1083 339 1244 389; x_wconf 91' lang='lat' dir='ltr'><strong>minari,</strong></span> 
     </span>
     <span class='ocr_line' id='line_1_5' title="bbox 249 396 1418 450; baseline -0.002 -13"><span class='ocrx_word' id='word_1_27' title='bbox 249 398 374 445; x_wconf 90' lang='lat' dir='ltr'><strong>Quam</strong></span> <span class='ocrx_word' id='word_1_28' title='bbox 405 409 544 450; x_wconf 80' lang='lat' dir='ltr'>gerere</span> <span class='ocrx_word' id='word_1_29' title='bbox 576 402 692 449; x_wconf 90' lang='lat' dir='ltr'><strong>atque</strong></span> <span class='ocrx_word' id='word_1_30' title='bbox 725 409 816 436; x_wconf 91' lang='lat' dir='ltr'><strong>suas</strong></span> <span class='ocrx_word' id='word_1_31' title='bbox 847 396 901 436; x_wconf 90' lang='lat' dir='ltr'><strong>ibi</strong></span> <span class='ocrx_word' id='word_1_32' title='bbox 932 408 1261 448; x_wconf 81' lang='lat' dir='ltr'><strong>praeconsumere</strong></span> <span class='ocrx_word' id='word_1_33' title='bbox 1295 397 1418 435; x_wconf 90' lang='lat' dir='ltr'><strong>vires.</strong></span> 
     </span>
     <span class='ocr_line' id='line_1_6' title="bbox 160 453 1247 508; baseline -0.004 -11"><span class='ocrx_word' id='word_1_34' title='bbox 160 466 230 498; x_wconf 73' lang='grc'><strong>490</strong></span> <span class='ocrx_word' id='word_1_35' title='bbox 250 457 393 496; x_wconf 87' lang='lat' dir='ltr'>Classis</span> <span class='ocrx_word' id='word_1_36' title='bbox 424 456 471 495; x_wconf 88' lang='lat' dir='ltr'><strong>ab</strong></span> <span class='ocrx_word' id='word_1_37' title='bbox 505 455 690 508; x_wconf 84' lang='lat' dir='ltr'>Oenopiis</span> <span class='ocrx_word' id='word_1_38' title='bbox 722 457 936 495; x_wconf 82' lang='lat' dir='ltr'><strong>etiamnum</strong></span> <span class='ocrx_word' id='word_1_39' title='bbox 967 453 1100 506; x_wconf 89' lang='lat' dir='ltr'><strong>Lyctia</strong></span> <span class='ocrx_word' id='word_1_40' title='bbox 1124 456 1247 494; x_wconf 89' lang='lat' dir='ltr'><strong>muris</strong></span> 
     </span>
     <span class='ocr_line' id='line_1_7' title="bbox 251 512 1208 567; baseline -0.003 -12"><span class='ocrx_word' id='word_1_41' title='bbox 251 516 429 567; x_wconf 78' lang='lat' dir='ltr'><strong>Spectari</strong></span> <span class='ocrx_word' id='word_1_42' title='bbox 460 520 643 567; x_wconf 85' lang='lat' dir='ltr'><strong>poterat,</strong></span> <span class='ocrx_word' id='word_1_43' title='bbox 675 527 765 554; x_wconf 89' lang='lat' dir='ltr'><strong>cum</strong></span> <span class='ocrx_word' id='word_1_44' title='bbox 796 514 912 566; x_wconf 91' lang='lat' dir='ltr'><strong>pleno</strong></span> <span class='ocrx_word' id='word_1_45' title='bbox 939 515 1092 553; x_wconf 90' lang='lat' dir='ltr'><strong>concita</strong></span> <span class='ocrx_word' id='word_1_46' title='bbox 1124 512 1208 552; x_wconf 90' lang='lat' dir='ltr'><strong>velo</strong></span> 
     </span>
     <span class='ocr_line' id='line_1_8' title="bbox 249 572 1360 625; baseline -0.003 -12"><span class='ocrx_word' id='word_1_47' title='bbox 249 575 375 613; x_wconf 90' lang='lat' dir='ltr'><strong>Attica</strong></span> <span class='ocrx_word' id='word_1_48' title='bbox 405 575 548 625; x_wconf 86' lang='lat' dir='ltr'>puppis</span> <span class='ocrx_word' id='word_1_49' title='bbox 581 573 689 612; x_wconf 87' lang='lat' dir='ltr'><strong>adest</strong></span> <span class='ocrx_word' id='word_1_50' title='bbox 720 574 760 612; x_wconf 92' lang='lat' dir='ltr'><strong>in</strong></span> <span class='ocrx_word' id='word_1_51' title='bbox 792 578 1009 625; x_wconf 88' lang='lat' dir='ltr'><strong>portusque</strong></span> <span class='ocrx_word' id='word_1_52' title='bbox 1041 573 1161 611; x_wconf 81' lang='lat' dir='ltr'>intrat</span> <span class='ocrx_word' id='word_1_53' title='bbox 1192 572 1360 623; x_wconf 88' lang='lat' dir='ltr'><strong>amicos,</strong></span> 
     </span>
     <span class='ocr_line' id='line_1_9' title="bbox 252 628 1431 684; baseline -0.003 -13"><span class='ocrx_word' id='word_1_54' title='bbox 252 632 360 679; x_wconf 84' lang='lat' dir='ltr'><strong>Quae</strong></span> <span class='ocrx_word' id='word_1_55' title='bbox 393 631 608 684; x_wconf 84' lang='lat' dir='ltr'><strong>Cephalum</strong></span> <span class='ocrx_word' id='word_1_56' title='bbox 637 633 865 684; x_wconf 85' lang='lat' dir='ltr'><strong>patriaeque</strong></span> <span class='ocrx_word' id='word_1_57' title='bbox 898 631 1013 670; x_wconf 91' lang='lat' dir='ltr'><strong>simul</strong></span> <span class='ocrx_word' id='word_1_58' title='bbox 1049 629 1228 669; x_wconf 89' lang='lat' dir='ltr'><strong>mandata</strong></span> <span class='ocrx_word' id='word_1_59' title='bbox 1260 628 1431 669; x_wconf 87' lang='lat' dir='ltr'><strong>serebat.</strong></span> 
     </span>
     <span class='ocr_line' id='line_1_10' title="bbox 252 690 1271 742; baseline -0.001 -13"><span class='ocrx_word' id='word_1_60' title='bbox 252 690 442 730; x_wconf 82' lang='lat' dir='ltr'><strong>Aeacidae</strong></span> <span class='ocrx_word' id='word_1_61' title='bbox 475 691 590 741; x_wconf 86' lang='lat' dir='ltr'><strong>longo</strong></span> <span class='ocrx_word' id='word_1_62' title='bbox 622 692 783 730; x_wconf 88' lang='lat' dir='ltr'><strong>iuvenes</strong></span> <span class='ocrx_word' id='word_1_63' title='bbox 814 695 904 742; x_wconf 85' lang='lat' dir='ltr'><strong>post</strong></span> <span class='ocrx_word' id='word_1_64' title='bbox 934 695 1112 741; x_wconf 89' lang='lat' dir='ltr'><strong>tempore</strong></span> <span class='ocrx_word' id='word_1_65' title='bbox 1144 690 1271 728; x_wconf 90' lang='lat' dir='ltr'><strong>visum</strong></span> 
     </span>
     <span class='ocr_line' id='line_1_11' title="bbox 163 747 1358 801; baseline -0.003 -12"><span class='ocrx_word' id='word_1_66' title='bbox 163 757 231 790; x_wconf 82' lang='grc'><strong>495</strong></span> <span class='ocrx_word' id='word_1_67' title='bbox 251 750 454 801; x_wconf 81' lang='lat' dir='ltr'><strong>Agnovere</strong></span> <span class='ocrx_word' id='word_1_68' title='bbox 487 756 616 788; x_wconf 89' lang='lat' dir='ltr'><strong>tamen</strong></span> <span class='ocrx_word' id='word_1_69' title='bbox 648 748 891 801; x_wconf 88' lang='lat' dir='ltr'><strong>Cephalum,</strong></span> <span class='ocrx_word' id='word_1_70' title='bbox 922 747 1157 799; x_wconf 83' lang='lat' dir='ltr'><strong>dextrasque</strong></span> <span class='ocrx_word' id='word_1_71' title='bbox 1190 747 1358 800; x_wconf 47' lang='lat' dir='ltr'><strong>dederes</strong></span> 
     </span>
     <span class='ocr_line' id='line_1_12' title="bbox 252 805 1340 860; baseline -0.003 -13"><span class='ocrx_word' id='word_1_72' title='bbox 252 809 376 860; x_wconf 88' lang='lat' dir='ltr'><strong>Inque</strong></span> <span class='ocrx_word' id='word_1_73' title='bbox 407 809 531 859; x_wconf 87' lang='lat' dir='ltr'><strong>patris</strong></span> <span class='ocrx_word' id='word_1_74' title='bbox 563 807 710 847; x_wconf 86' lang='lat' dir='ltr'><strong>duxere</strong></span> <span class='ocrx_word' id='word_1_75' title='bbox 743 807 929 846; x_wconf 88' lang='lat' dir='ltr'><strong>domum.</strong></span> <span class='ocrx_word' id='word_1_76' title='bbox 968 805 1191 858; x_wconf 87' lang='lat' dir='ltr'><strong>spectabilis</strong></span> <span class='ocrx_word' id='word_1_77' title='bbox 1223 806 1340 845; x_wconf 87' lang='lat' dir='ltr'><strong>heros</strong></span> 
     </span>
     <span class='ocr_line' id='line_1_13' title="bbox 251 865 1299 917; baseline -0.002 -12"><span class='ocrx_word' id='word_1_78' title='bbox 251 867 302 906; x_wconf 88' lang='lat' dir='ltr'><strong>Et</strong></span> <span class='ocrx_word' id='word_1_79' title='bbox 332 867 476 905; x_wconf 90' lang='lat' dir='ltr'><strong>veteris</strong></span> <span class='ocrx_word' id='word_1_80' title='bbox 507 867 684 905; x_wconf 89' lang='lat' dir='ltr'><strong>retinens</strong></span> <span class='ocrx_word' id='word_1_81' title='bbox 715 867 929 905; x_wconf 89' lang='lat' dir='ltr'><strong>etiamnum</strong></span> <span class='ocrx_word' id='word_1_82' title='bbox 958 866 1121 917; x_wconf 86' lang='lat' dir='ltr'><strong>pignera</strong></span> <span class='ocrx_word' id='word_1_83' title='bbox 1153 865 1299 903; x_wconf 82' lang='lat' dir='ltr'><strong>formae</strong></span> 
     </span>
     <span class='ocr_line' id='line_1_14' title="bbox 253 922 1328 977; baseline -0.003 -13"><span class='ocrx_word' id='word_1_84' title='bbox 253 925 505 977; x_wconf 86' lang='lat' dir='ltr'><strong>Ingreditur,</strong></span> <span class='ocrx_word' id='word_1_85' title='bbox 538 936 768 976; x_wconf 89' lang='lat' dir='ltr'><strong>ramumque</strong></span> <span class='ocrx_word' id='word_1_86' title='bbox 801 930 939 963; x_wconf 90' lang='lat' dir='ltr'><strong>tenens</strong></span> <span class='ocrx_word' id='word_1_87' title='bbox 970 923 1174 975; x_wconf 89' lang='lat' dir='ltr'><strong>popularis</strong></span> <span class='ocrx_word' id='word_1_88' title='bbox 1205 922 1328 962; x_wconf 91' lang='lat' dir='ltr'><strong>olivae</strong></span> 
     </span>
     <span class='ocr_line' id='line_1_15' title="bbox 252 983 1157 1035; baseline -0.003 -12"><span class='ocrx_word' id='word_1_89' title='bbox 252 985 283 1023; x_wconf 83' lang='lat' dir='ltr'>A</span> <span class='ocrx_word' id='word_1_90' title='bbox 314 984 450 1023; x_wconf 83' lang='lat' dir='ltr'><strong>dextra</strong></span> <span class='ocrx_word' id='word_1_91' title='bbox 481 983 666 1035; x_wconf 85' lang='lat' dir='ltr'><strong>laevaque</strong></span> <span class='ocrx_word' id='word_1_92' title='bbox 698 983 796 1023; x_wconf 91' lang='lat' dir='ltr'><strong>duos</strong></span> <span class='ocrx_word' id='word_1_93' title='bbox 828 988 954 1021; x_wconf 88' lang='lat' dir='ltr'><strong>aetate</strong></span> <span class='ocrx_word' id='word_1_94' title='bbox 986 983 1157 1021; x_wconf 88' lang='lat' dir='ltr'><strong>minores</strong></span> 
     </span>
     <span class='ocr_line' id='line_1_16' title="bbox 167 1040 1393 1095; baseline -0.003 -12"><span class='ocrx_word' id='word_1_95' title='bbox 167 1051 235 1083; x_wconf 81' lang='lat'><strong>500</strong></span> <span class='ocrx_word' id='word_1_96' title='bbox 255 1043 377 1082; x_wconf 88' lang='lat' dir='ltr'><strong>Maior</strong></span> <span class='ocrx_word' id='word_1_97' title='bbox 408 1041 527 1081; x_wconf 91' lang='lat' dir='ltr'><strong>habet</strong></span> <span class='ocrx_word' id='word_1_98' title='bbox 544 1073 555 1095; x_wconf 86' lang='lat'><strong><em>,</em></strong></span> <span class='ocrx_word' id='word_1_99' title='bbox 586 1041 725 1094; x_wconf 82' lang='lat' dir='ltr'><strong>Clyton</strong></span> <span class='ocrx_word' id='word_1_100' title='bbox 756 1047 796 1080; x_wconf 91' lang='lat' dir='ltr'><strong>et</strong></span> <span class='ocrx_word' id='word_1_101' title='bbox 825 1040 953 1080; x_wconf 87' lang='lat' dir='ltr'><strong>Buten</strong></span> <span class='ocrx_word' id='word_1_102' title='bbox 972 1072 983 1094; x_wconf 87' lang='lat'>‚</span> <span class='ocrx_word' id='word_1_103' title='bbox 1014 1040 1186 1081; x_wconf 87' lang='lat' dir='ltr'><strong>Pallante</strong></span> <span class='ocrx_word' id='word_1_104' title='bbox 1218 1045 1393 1079; x_wconf 85' lang='lat' dir='ltr'><strong>creatos.</strong></span> 
     </span>
     <span class='ocr_line' id='line_1_17' title="bbox 253 1098 1365 1153; baseline -0.003 -13"><span class='ocrx_word' id='word_1_105' title='bbox 253 1100 466 1152; x_wconf 83' lang='lat' dir='ltr'><strong>Postquam</strong></span> <span class='ocrx_word' id='word_1_106' title='bbox 499 1112 735 1153; x_wconf 88' lang='lat' dir='ltr'><strong>congressus</strong></span> <span class='ocrx_word' id='word_1_107' title='bbox 766 1101 884 1152; x_wconf 87' lang='lat' dir='ltr'><strong>primi</strong></span> <span class='ocrx_word' id='word_1_108' title='bbox 915 1111 985 1139; x_wconf 89' lang='lat' dir='ltr'><strong>sua</strong></span> <span class='ocrx_word' id='word_1_109' title='bbox 1016 1098 1134 1138; x_wconf 85' lang='lat' dir='ltr'><strong>verba</strong></span> <span class='ocrx_word' id='word_1_110' title='bbox 1168 1098 1365 1150; x_wconf 87' lang='lat' dir='ltr'><strong>tulerunt,</strong></span> 
     </span>
     <span class='ocr_line' id='line_1_18' title="bbox 255 1158 1380 1211; baseline -0.003 -13"><span class='ocrx_word' id='word_1_111' title='bbox 255 1158 516 1211; x_wconf 88' lang='lat' dir='ltr'><strong>Cecropidum</strong></span> <span class='ocrx_word' id='word_1_112' title='bbox 548 1159 740 1210; x_wconf 88' lang='lat' dir='ltr'><strong>Cephalus</strong></span> <span class='ocrx_word' id='word_1_113' title='bbox 771 1160 923 1210; x_wconf 86' lang='lat' dir='ltr'><strong>peragit</strong></span> <span class='ocrx_word' id='word_1_114' title='bbox 953 1158 1161 1210; x_wconf 89' lang='lat' dir='ltr'><strong>mandata,</strong></span> <span class='ocrx_word' id='word_1_115' title='bbox 1192 1162 1380 1208; x_wconf 85' lang='lat' dir='ltr'><strong>rogatque</strong></span> 
     </span>
     <span class='ocr_line' id='line_1_19' title="bbox 255 1217 1332 1269; baseline -0.003 -12"><span class='ocrx_word' id='word_1_116' title='bbox 255 1217 451 1257; x_wconf 81' lang='lat' dir='ltr'><strong>Auxilium</strong></span> <span class='ocrx_word' id='word_1_117' title='bbox 470 1249 481 1269; x_wconf 89' lang='lat'>‚</span> <span class='ocrx_word' id='word_1_118' title='bbox 513 1218 729 1269; x_wconf 77' lang='lat' dir='ltr'><strong>foedusque</strong></span> <span class='ocrx_word' id='word_1_119' title='bbox 761 1217 884 1256; x_wconf 87' lang='lat' dir='ltr'><strong>refert</strong></span> <span class='ocrx_word' id='word_1_120' title='bbox 915 1222 955 1256; x_wconf 91' lang='lat' dir='ltr'><strong>et</strong></span> <span class='ocrx_word' id='word_1_121' title='bbox 985 1218 1070 1255; x_wconf 87' lang='lat' dir='ltr'><strong>iura</strong></span> <span class='ocrx_word' id='word_1_122' title='bbox 1101 1220 1332 1268; x_wconf 86' lang='lat' dir='ltr'><strong>parentum,</strong></span> 
     </span>
     <span class='ocr_line' id='line_1_20' title="bbox 255 1274 1193 1328; baseline -0.003 -12"><span class='ocrx_word' id='word_1_123' title='bbox 255 1276 548 1328; x_wconf 81' lang='lat' dir='ltr'><strong>Imperiumque</strong></span> <span class='ocrx_word' id='word_1_124' title='bbox 579 1278 661 1328; x_wconf 90' lang='lat' dir='ltr'><strong>peti</strong></span> <span class='ocrx_word' id='word_1_125' title='bbox 693 1277 813 1315; x_wconf 91' lang='lat' dir='ltr'><strong>totius</strong></span> <span class='ocrx_word' id='word_1_126' title='bbox 844 1274 1034 1314; x_wconf 82' lang='lat' dir='ltr'><strong>Achaidos</strong></span> <span class='ocrx_word' id='word_1_127' title='bbox 1066 1274 1193 1313; x_wconf 90' lang='lat' dir='ltr'><strong>addit.</strong></span> 
     </span>
     <span class='ocr_line' id='line_1_21' title="bbox 168 1333 1222 1386; baseline -0.003 -12"><span class='ocrx_word' id='word_1_128' title='bbox 168 1343 237 1376; x_wconf 80' lang='lat'><strong>505</strong></span> <span class='ocrx_word' id='word_1_129' title='bbox 258 1335 322 1374; x_wconf 91' lang='lat' dir='ltr'><strong>Sic</strong></span> <span class='ocrx_word' id='word_1_130' title='bbox 354 1334 423 1374; x_wconf 91' lang='lat' dir='ltr'><strong>uhi</strong></span> <span class='ocrx_word' id='word_1_131' title='bbox 453 1334 672 1373; x_wconf 87' lang='lat' dir='ltr'><strong>mandatam</strong></span> <span class='ocrx_word' id='word_1_132' title='bbox 704 1335 800 1374; x_wconf 86' lang='lat' dir='ltr'><strong>iuvit</strong></span> <span class='ocrx_word' id='word_1_133' title='bbox 831 1333 1010 1372; x_wconf 82' lang='lat' dir='ltr'><strong>facundia</strong></span> <span class='ocrx_word' id='word_1_134' title='bbox 1042 1344 1222 1386; x_wconf 83' lang='lat' dir='ltr'><strong>causam,</strong></span> 
     </span>
     <span class='ocr_line' id='line_1_22' title="bbox 259 1393 1252 1446; baseline -0.002 -14"><span class='ocrx_word' id='word_1_135' title='bbox 259 1394 410 1432; x_wconf 82' lang='lat' dir='ltr'><strong>Aeacus</strong></span> <span class='ocrx_word' id='word_1_136' title='bbox 428 1424 440 1446; x_wconf 83' lang='lat'><em>,</em></span> <span class='ocrx_word' id='word_1_137' title='bbox 471 1394 511 1432; x_wconf 90' lang='lat' dir='ltr'><strong>in</strong></span> <span class='ocrx_word' id='word_1_138' title='bbox 543 1393 680 1445; x_wconf 83' lang='lat' dir='ltr'><strong>capulo</strong></span> <span class='ocrx_word' id='word_1_139' title='bbox 712 1394 859 1444; x_wconf 85' lang='lat' dir='ltr'><strong>sceptri</strong></span> <span class='ocrx_word' id='word_1_140' title='bbox 890 1394 1038 1431; x_wconf 86' lang='lat' dir='ltr'><strong>nitente</strong></span> <span class='ocrx_word' id='word_1_141' title='bbox 1070 1393 1252 1444; x_wconf 87' lang='lat' dir='ltr'><strong>sinistra,</strong></span> 
     </span>
     <span class='ocr_line' id='line_1_23' title="bbox 259 1446 1421 1504; baseline -0.003 -13"><span class='ocrx_word' id='word_1_142' title='bbox 259 1449 330 1491; x_wconf 71' lang='lat' dir='ltr'><strong>eNe</strong></span> <span class='ocrx_word' id='word_1_143' title='bbox 361 1453 483 1504; x_wconf 88' lang='lat' dir='ltr'><strong>petite</strong></span> <span class='ocrx_word' id='word_1_144' title='bbox 515 1451 701 1491; x_wconf 84' lang='lat' dir='ltr'><strong>auxilium</strong></span> <span class='ocrx_word' id='word_1_145' title='bbox 719 1483 730 1503; x_wconf 91' lang='lat'>‚</span> <span class='ocrx_word' id='word_1_146' title='bbox 761 1450 831 1490; x_wconf 91' lang='lat' dir='ltr'><strong>sed</strong></span> <span class='ocrx_word' id='word_1_147' title='bbox 862 1451 1004 1490; x_wconf 89' lang='lat' dir='ltr'><strong>sumite</strong></span> <span class='ocrx_word' id='word_1_148' title='bbox 1023 1447 1049 1503; x_wconf 89' lang='lat'><strong>,&#39;</strong></span> <span class='ocrx_word' id='word_1_149' title='bbox 1081 1450 1178 1489; x_wconf 81' lang='lat' dir='ltr'><strong>dixit</strong></span> <span class='ocrx_word' id='word_1_150' title='bbox 1209 1446 1421 1502; x_wconf 72' lang='lat' dir='ltr'><strong>‘Athenae3</strong></span> 
     </span>
     <span class='ocr_line' id='line_1_24' title="bbox 256 1508 1414 1563; baseline -0.003 -13"><span class='ocrx_word' id='word_1_151' title='bbox 256 1510 338 1550; x_wconf 83' lang='lat' dir='ltr'><strong>Nec</strong></span> <span class='ocrx_word' id='word_1_152' title='bbox 369 1509 487 1549; x_wconf 89' lang='lat' dir='ltr'><strong>dubie</strong></span> <span class='ocrx_word' id='word_1_153' title='bbox 518 1512 621 1549; x_wconf 87' lang='lat' dir='ltr'><strong>vires</strong></span> <span class='ocrx_word' id='word_1_154' title='bbox 640 1542 651 1563; x_wconf 85' lang='lat'>,</span> <span class='ocrx_word' id='word_1_155' title='bbox 683 1522 779 1561; x_wconf 90' lang='lat' dir='ltr'><strong>quas</strong></span> <span class='ocrx_word' id='word_1_156' title='bbox 810 1509 906 1548; x_wconf 87' lang='lat' dir='ltr'><strong>haec</strong></span> <span class='ocrx_word' id='word_1_157' title='bbox 937 1508 1054 1547; x_wconf 89' lang='lat' dir='ltr'><strong>habet</strong></span> <span class='ocrx_word' id='word_1_158' title='bbox 1084 1508 1210 1547; x_wconf 88' lang='lat' dir='ltr'><strong>insula</strong></span> <span class='ocrx_word' id='word_1_159' title='bbox 1229 1539 1240 1561; x_wconf 85' lang='lat'><em>‚</em></span> <span class='ocrx_word' id='word_1_160' title='bbox 1266 1514 1414 1547; x_wconf 84' lang='lat' dir='ltr'><strong>vestras</strong></span> 
     </span>
     <span class='ocr_line' id='line_1_25' title="bbox 257 1568 1480 1618; baseline -0.002 -10"><span class='ocrx_word' id='word_1_161' title='bbox 257 1569 427 1608; x_wconf 88' lang='lat' dir='ltr'><strong>Ducite:</strong></span> <span class='ocrx_word' id='word_1_162' title='bbox 458 1573 498 1607; x_wconf 91' lang='lat' dir='ltr'><strong>et</strong></span> <span class='ocrx_word' id='word_1_163' title='bbox 529 1570 658 1608; x_wconf 91' lang='lat' dir='ltr'><strong>omnia</strong></span> <span class='ocrx_word' id='word_1_164' title='bbox 689 1568 833 1607; x_wconf 86' lang='lat' dir='ltr'><strong>habet.</strong></span> <span class='ocrx_word' id='word_1_165' title='bbox 871 1579 1005 1607; x_wconf 89' lang='lat' dir='ltr'><strong>rerum</strong></span> <span class='ocrx_word' id='word_1_166' title='bbox 1037 1573 1161 1606; x_wconf 85' lang='lat' dir='ltr'><strong>status</strong></span> <span class='ocrx_word' id='word_1_167' title='bbox 1187 1568 1261 1606; x_wconf 90' lang='lat' dir='ltr'><strong>iste</strong></span> <span class='ocrx_word' id='word_1_168' title='bbox 1282 1578 1480 1618; x_wconf 78' lang='lat' dir='ltr'><strong>mearum,</strong></span> 
     </span>
     <span class='ocr_line' id='line_1_26' title="bbox 170 1624 1414 1679; baseline -0.003 -12"><span class='ocrx_word' id='word_1_169' title='bbox 170 1635 239 1668; x_wconf 78' lang='lat'><strong>510</strong></span> <span class='ocrx_word' id='word_1_170' title='bbox 258 1627 414 1666; x_wconf 84' lang='lat' dir='ltr'><strong>Robora</strong></span> <span class='ocrx_word' id='word_1_171' title='bbox 446 1639 525 1666; x_wconf 88' lang='lat' dir='ltr'><strong>non</strong></span> <span class='ocrx_word' id='word_1_172' title='bbox 556 1627 728 1679; x_wconf 88' lang='lat' dir='ltr'><strong>desunt;</strong></span> <span class='ocrx_word' id='word_1_173' title='bbox 760 1632 920 1678; x_wconf 88' lang='lat' dir='ltr'><strong>superat</strong></span> <span class='ocrx_word' id='word_1_174' title='bbox 952 1625 1045 1665; x_wconf 87' lang='lat' dir='ltr'><strong>mihi</strong></span> <span class='ocrx_word' id='word_1_175' title='bbox 1076 1625 1187 1664; x_wconf 90' lang='lat' dir='ltr'><strong>miles</strong></span> <span class='ocrx_word' id='word_1_176' title='bbox 1218 1630 1259 1664; x_wconf 86' lang='lat' dir='ltr'><strong>et</strong></span> <span class='ocrx_word' id='word_1_177' title='bbox 1289 1624 1414 1664; x_wconf 90' lang='lat' dir='ltr'><strong>hosti.</strong></span> 
     </span>
     <span class='ocr_line' id='line_1_27' title="bbox 259 1679 1228 1738; baseline -0.002 -14"><span class='ocrx_word' id='word_1_178' title='bbox 259 1686 390 1725; x_wconf 86' lang='lat' dir='ltr'><strong>Gratia</strong></span> <span class='ocrx_word' id='word_1_179' title='bbox 421 1685 481 1724; x_wconf 91' lang='lat' dir='ltr'><strong>dis</strong></span> <span class='ocrx_word' id='word_1_180' title='bbox 503 1717 515 1738; x_wconf 87' lang='lat'><em>,</em></span> <span class='ocrx_word' id='word_1_181' title='bbox 547 1685 638 1725; x_wconf 82' lang='lat' dir='ltr'><strong>felix</strong></span> <span class='ocrx_word' id='word_1_182' title='bbox 669 1691 709 1725; x_wconf 89' lang='lat' dir='ltr'><strong>et</strong></span> <span class='ocrx_word' id='word_1_183' title='bbox 739 1684 1002 1724; x_wconf 81' lang='lat' dir='ltr'><strong>inexcusabile</strong></span> <span class='ocrx_word' id='word_1_184' title='bbox 1033 1690 1189 1735; x_wconf 90' lang='lat' dir='ltr'><strong>tempus</strong></span> <span class='ocrx_word' id='word_1_185' title='bbox 1203 1679 1228 1723; x_wconf 89' lang='lat'><strong>.&#39;</strong></span> 
     </span>
     <span class='ocr_line' id='line_1_28' title="bbox 261 1740 1438 1796; baseline -0.003 -13"><span class='ocrx_word' id='word_1_186' title='bbox 261 1742 398 1783; x_wconf 76' lang='lat' dir='ltr'><strong>‘Immo</strong></span> <span class='ocrx_word' id='word_1_187' title='bbox 430 1745 482 1782; x_wconf 89' lang='lat' dir='ltr'><strong>ita</strong></span> <span class='ocrx_word' id='word_1_188' title='bbox 514 1745 565 1782; x_wconf 92' lang='lat' dir='ltr'><strong>sit</strong></span> <span class='ocrx_word' id='word_1_189' title='bbox 582 1741 609 1796; x_wconf 92' lang='lat'><strong>,’</strong></span> <span class='ocrx_word' id='word_1_190' title='bbox 642 1743 836 1795; x_wconf 89' lang='lat' dir='ltr'><strong>Cephalus</strong></span> <span class='ocrx_word' id='word_1_191' title='bbox 869 1740 1037 1782; x_wconf 77' lang='lat' dir='ltr'><strong>‘crescat</strong></span> <span class='ocrx_word' id='word_1_192' title='bbox 1068 1748 1133 1782; x_wconf 89' lang='lat' dir='ltr'><strong>tua</strong></span> <span class='ocrx_word' id='word_1_193' title='bbox 1166 1741 1316 1781; x_wconf 89' lang='lat' dir='ltr'><strong>civibus</strong></span> <span class='ocrx_word' id='word_1_194' title='bbox 1347 1748 1438 1793; x_wconf 86' lang='lat' dir='ltr'><strong>opto</strong></span> 
     </span>
     <span class='ocr_line' id='line_1_29' title="bbox 260 1799 1416 1853; baseline -0.003 -12"><span class='ocrx_word' id='word_1_195' title='bbox 260 1801 362 1842; x_wconf 87' lang='lat' dir='ltr'><strong>Urbs</strong></span> <span class='ocrx_word' id='word_1_196' title='bbox 380 1799 406 1842; x_wconf 86' lang='lat' dir='ltr'><strong>l&#39;</strong></span> <span class='ocrx_word' id='word_1_197' title='bbox 438 1803 492 1841; x_wconf 87' lang='lat' dir='ltr'><strong>ait</strong></span> <span class='ocrx_word' id='word_1_198' title='bbox 523 1799 747 1841; x_wconf 75' lang='lat' dir='ltr'><strong>‘adveniens</strong></span> <span class='ocrx_word' id='word_1_199' title='bbox 779 1801 961 1853; x_wconf 89' lang='lat' dir='ltr'><strong>equidem</strong></span> <span class='ocrx_word' id='word_1_200' title='bbox 991 1800 1105 1841; x_wconf 92' lang='lat' dir='ltr'><strong>modo</strong></span> <span class='ocrx_word' id='word_1_201' title='bbox 1137 1801 1275 1852; x_wconf 86' lang='lat' dir='ltr'><strong>gaudia</strong></span> <span class='ocrx_word' id='word_1_202' title='bbox 1307 1802 1416 1852; x_wconf 87' lang='lat' dir='ltr'><strong>cepi,</strong></span> 
     </span>
     <span class='ocr_line' id='line_1_30' title="bbox 261 1860 1385 1912; baseline -0.003 -12"><span class='ocrx_word' id='word_1_203' title='bbox 261 1860 359 1900; x_wconf 90' lang='lat' dir='ltr'><strong>Cum</strong></span> <span class='ocrx_word' id='word_1_204' title='bbox 390 1865 469 1900; x_wconf 89' lang='lat' dir='ltr'><strong>tam</strong></span> <span class='ocrx_word' id='word_1_205' title='bbox 499 1860 662 1912; x_wconf 89' lang='lat' dir='ltr'><strong>pulchra</strong></span> <span class='ocrx_word' id='word_1_206' title='bbox 694 1860 816 1912; x_wconf 87' lang='lat' dir='ltr'><strong>mihi,</strong></span> <span class='ocrx_word' id='word_1_207' title='bbox 848 1866 926 1898; x_wconf 85' lang='lat' dir='ltr'><strong>tam</strong></span> <span class='ocrx_word' id='word_1_208' title='bbox 957 1871 1027 1911; x_wconf 87' lang='lat' dir='ltr'><strong>par</strong></span> <span class='ocrx_word' id='word_1_209' title='bbox 1045 1864 1172 1898; x_wconf 90' lang='lat' dir='ltr'><strong>aetate</strong></span> <span class='ocrx_word' id='word_1_210' title='bbox 1204 1861 1385 1898; x_wconf 90' lang='lat' dir='ltr'><strong>iuventus</strong></span> 
     </span>
     <span class='ocr_line' id='line_1_31' title="bbox 173 1917 1318 1971; baseline -0.003 -12"><span class='ocrx_word' id='word_1_211' title='bbox 173 1926 242 1960; x_wconf 72' lang='lat'><strong>515</strong></span> <span class='ocrx_word' id='word_1_212' title='bbox 263 1919 385 1958; x_wconf 91' lang='lat' dir='ltr'><strong>Obvia</strong></span> <span class='ocrx_word' id='word_1_213' title='bbox 415 1920 638 1971; x_wconf 89' lang='lat' dir='ltr'><strong>processit.</strong></span> <span class='ocrx_word' id='word_1_214' title='bbox 676 1918 820 1958; x_wconf 89' lang='lat' dir='ltr'><strong>multos</strong></span> <span class='ocrx_word' id='word_1_215' title='bbox 852 1924 980 1956; x_wconf 87' lang='lat' dir='ltr'><strong>tamen</strong></span> <span class='ocrx_word' id='word_1_216' title='bbox 1012 1917 1103 1957; x_wconf 92' lang='lat' dir='ltr'><strong>inde</strong></span> <span class='ocrx_word' id='word_1_217' title='bbox 1135 1918 1318 1969; x_wconf 81' lang='lat' dir='ltr'><strong>require,</strong></span> 
     </span>
     <span class='ocr_line' id='line_1_32' title="bbox 262 1971 1384 2029; baseline -0.004 -12"><span class='ocrx_word' id='word_1_218' title='bbox 262 1978 369 2024; x_wconf 89' lang='lat' dir='ltr'><strong>Quos</strong></span> <span class='ocrx_word' id='word_1_219' title='bbox 401 1977 598 2029; x_wconf 90' lang='lat' dir='ltr'><strong>quondam</strong></span> <span class='ocrx_word' id='word_1_220' title='bbox 629 1977 706 2016; x_wconf 91' lang='lat' dir='ltr'><strong>vidi</strong></span> <span class='ocrx_word' id='word_1_221' title='bbox 736 1981 864 2016; x_wconf 88' lang='lat' dir='ltr'><strong>vestra</strong></span> <span class='ocrx_word' id='word_1_222' title='bbox 895 1977 1005 2027; x_wconf 88' lang='lat' dir='ltr'><strong>prius</strong></span> <span class='ocrx_word' id='word_1_223' title='bbox 1037 1975 1135 2015; x_wconf 90' lang='lat' dir='ltr'><strong>urbe</strong></span> <span class='ocrx_word' id='word_1_224' title='bbox 1161 1982 1344 2028; x_wconf 85' lang='lat' dir='ltr'><strong>receptus</strong></span> <span class='ocrx_word' id='word_1_225' title='bbox 1360 1971 1384 2013; x_wconf 89' lang='lat'><strong>.&#39;</strong></span> 
     </span>
     <span class='ocr_line' id='line_1_33' title="bbox 261 2034 1295 2088; baseline -0.001 -13"><span class='ocrx_word' id='word_1_226' title='bbox 261 2037 410 2075; x_wconf 85' lang='lat' dir='ltr'><strong>Aeacus</strong></span> <span class='ocrx_word' id='word_1_227' title='bbox 441 2037 662 2088; x_wconf 86' lang='lat' dir='ltr'><strong>ingemuit,</strong></span> <span class='ocrx_word' id='word_1_228' title='bbox 693 2037 875 2086; x_wconf 89' lang='lat' dir='ltr'><strong>tristique</strong></span> <span class='ocrx_word' id='word_1_229' title='bbox 907 2036 960 2074; x_wconf 90' lang='lat' dir='ltr'><strong>ita</strong></span> <span class='ocrx_word' id='word_1_230' title='bbox 992 2046 1084 2073; x_wconf 89' lang='lat' dir='ltr'><strong>voce</strong></span> <span class='ocrx_word' id='word_1_231' title='bbox 1116 2034 1295 2074; x_wconf 89' lang='lat' dir='ltr'><strong>locutus:</strong></span> 
     </span>
     <span class='ocr_line' id='line_1_34' title="bbox 263 2092 1325 2146; baseline -0.002 -13"><span class='ocrx_word' id='word_1_232' title='bbox 263 2092 424 2134; x_wconf 76' lang='lat' dir='ltr'><strong>‘Flebile</strong></span> <span class='ocrx_word' id='word_1_233' title='bbox 456 2095 694 2146; x_wconf 88' lang='lat' dir='ltr'><strong>principium</strong></span> <span class='ocrx_word' id='word_1_234' title='bbox 725 2094 864 2133; x_wconf 86' lang='lat' dir='ltr'><strong>melior</strong></span> <span class='ocrx_word' id='word_1_235' title='bbox 896 2093 1051 2132; x_wconf 80' lang='lat' dir='ltr'><strong>fortuna</strong></span> <span class='ocrx_word' id='word_1_236' title='bbox 1082 2098 1217 2132; x_wconf 90' lang='lat' dir='ltr'><strong>secuta</strong></span> <span class='ocrx_word' id='word_1_237' title='bbox 1243 2098 1325 2132; x_wconf 88' lang='lat' dir='ltr'><strong>est.</strong></span> 
     </span>
     <span class='ocr_line' id='line_1_35' title="bbox 262 2149 1366 2204; baseline -0.003 -12"><span class='ocrx_word' id='word_1_238' title='bbox 262 2152 371 2192; x_wconf 87' lang='lat' dir='ltr'><strong>Hanc</strong></span> <span class='ocrx_word' id='word_1_239' title='bbox 402 2154 553 2192; x_wconf 89' lang='lat' dir='ltr'><strong>utinam</strong></span> <span class='ocrx_word' id='word_1_240' title='bbox 584 2165 740 2204; x_wconf 88' lang='lat' dir='ltr'><strong>possem</strong></span> <span class='ocrx_word' id='word_1_241' title='bbox 772 2151 881 2191; x_wconf 85' lang='lat' dir='ltr'><strong>vobis</strong></span> <span class='ocrx_word' id='word_1_242' title='bbox 913 2163 1130 2190; x_wconf 89' lang='lat' dir='ltr'><strong>memorare</strong></span> <span class='ocrx_word' id='word_1_243' title='bbox 1161 2152 1245 2190; x_wconf 91' lang='lat' dir='ltr'><strong>sine</strong></span> <span class='ocrx_word' id='word_1_244' title='bbox 1277 2149 1366 2189; x_wconf 79' lang='lat' dir='ltr'><strong>illo!</strong></span> 
     </span>
     <span class='ocr_line' id='line_1_36' title="bbox 176 2208 1484 2263; baseline -0.002 -11"><span class='ocrx_word' id='word_1_245' title='bbox 176 2218 244 2252; x_wconf 69' lang='lat'><strong>520</strong></span> <span class='ocrx_word' id='word_1_246' title='bbox 264 2211 411 2251; x_wconf 81' lang='lat' dir='ltr'><strong>Ordine</strong></span> <span class='ocrx_word' id='word_1_247' title='bbox 442 2223 548 2250; x_wconf 92' lang='lat' dir='ltr'><strong>nunc</strong></span> <span class='ocrx_word' id='word_1_248' title='bbox 579 2216 752 2263; x_wconf 84' lang='lat' dir='ltr'><strong>repetam</strong></span> <span class='ocrx_word' id='word_1_249' title='bbox 773 2241 783 2250; x_wconf 85' lang='lat'><strong>.</strong></span> <span class='ocrx_word' id='word_1_250' title='bbox 821 2222 898 2249; x_wconf 91' lang='lat' dir='ltr'><strong>neu</strong></span> <span class='ocrx_word' id='word_1_251' title='bbox 930 2209 1043 2261; x_wconf 83' lang='lat' dir='ltr'><strong>longa</strong></span> <span class='ocrx_word' id='word_1_252' title='bbox 1062 2208 1222 2260; x_wconf 86' lang='lat' dir='ltr'><strong>ambage</strong></span> <span class='ocrx_word' id='word_1_253' title='bbox 1242 2220 1373 2248; x_wconf 91' lang='lat' dir='ltr'><strong>morer</strong></span> <span class='ocrx_word' id='word_1_254' title='bbox 1393 2220 1484 2249; x_wconf 85' lang='lat' dir='ltr'><strong>vos:</strong></span> 
     </span>
     <span class='ocr_line' id='line_1_37' title="bbox 263 2268 1482 2321; baseline -0.002 -12"><span class='ocrx_word' id='word_1_255' title='bbox 263 2269 361 2309; x_wconf 90' lang='lat' dir='ltr'><strong>Ossa</strong></span> <span class='ocrx_word' id='word_1_256' title='bbox 393 2271 571 2320; x_wconf 90' lang='lat' dir='ltr'><strong>cinisque</strong></span> <span class='ocrx_word' id='word_1_257' title='bbox 602 2271 759 2321; x_wconf 90' lang='lat' dir='ltr'><strong>iacent,</strong></span> <span class='ocrx_word' id='word_1_258' title='bbox 791 2270 956 2308; x_wconf 91' lang='lat' dir='ltr'><strong>memori</strong></span> <span class='ocrx_word' id='word_1_259' title='bbox 993 2280 1091 2319; x_wconf 86' lang='lat' dir='ltr'><strong>quos</strong></span> <span class='ocrx_word' id='word_1_260' title='bbox 1128 2273 1258 2306; x_wconf 92' lang='lat' dir='ltr'><strong>mente</strong></span> <span class='ocrx_word' id='word_1_261' title='bbox 1290 2268 1482 2318; x_wconf 86' lang='lat' dir='ltr'><strong>requiris.</strong></span> 
     </span>
     <span class='ocr_line' id='line_1_38' title="bbox 264 2325 1249 2380; baseline -0.003 -12"><span class='ocrx_word' id='word_1_262' title='bbox 264 2327 314 2368; x_wconf 83' lang='lat' dir='ltr'><strong>Et</strong></span> <span class='ocrx_word' id='word_1_263' title='bbox 344 2333 461 2377; x_wconf 89' lang='lat' dir='ltr'><strong>quota</strong></span> <span class='ocrx_word' id='word_1_264' title='bbox 492 2340 582 2380; x_wconf 87' lang='lat' dir='ltr'><strong>pars</strong></span> <span class='ocrx_word' id='word_1_265' title='bbox 613 2327 669 2367; x_wconf 88' lang='lat' dir='ltr'><strong>illi</strong></span> <span class='ocrx_word' id='word_1_266' title='bbox 700 2339 834 2366; x_wconf 87' lang='lat' dir='ltr'><strong>rerum</strong></span> <span class='ocrx_word' id='word_1_267' title='bbox 865 2328 1020 2378; x_wconf 87' lang='lat' dir='ltr'><strong>periere</strong></span> <span class='ocrx_word' id='word_1_268' title='bbox 1051 2325 1249 2366; x_wconf 84' lang='lat' dir='ltr'><strong>mearum!</strong></span> 
     </span>
    </p>
   </div>
  </div>
 </body>
</html>
