1554 2563
562 103 612 137 IX
628 129 639 145 ,
665 106 850 138 433—505
865 130 873 137 .
1026 115 1147 137 BYBLIS
1306 100 1387 142 187

77 222 144 254 470
166 213 291 265 Saepe
311 213 438 266 videt,
459 213 561 264 quod
584 220 683 252 amat
705 244 712 251 .
739 215 818 252 visa
839 218 899 252 est
919 224 1074 264 quoque
1096 214 1257 263 iungere
1278 212 1389 250 fratri

165 272 346 324 Corpus3
379 278 418 311 et
449 271 635 324 erubuit,
669 273 844 322 quamvis
876 273 999 322 sopita
1032 271 1204 310 iacebat.

166 330 335 369 Somnus
369 329 477 369 abit:
510 330 598 370 silet
629 329 693 368 illa
726 331 791 369 diu
810 361 821 382 ,
854 331 1077 381 repetitque
1110 330 1254 381 quietis

165 389 249 440 lpsa
283 400 376 428 suae
409 390 610 441 speciem,
643 388 838 439 dubIaque
871 390 923 428 ita
956 395 1084 427 mente
1118 388 1320 440 profatur:

166 445 242 486 ‘Me
274 446 485 486 miseram!
518 449 656 486 tacitae
690 448 783 498 quid
816 446 897 486 vult
930 446 1002 486 sibi
1035 448 1162 486 noctis
1193 448 1342 498 imago,

77 514 143 545 475
166 506 290 552 Quam
323 506 443 544 nolim
475 512 556 544 rata
589 508 640 545 sit
659 503 680 544 ‘P
712 518 783 545 cur
815 505 910 545 haec
942 518 1012 557 ego
1046 507 1195 544 somnia
1226 502 1339 552 igidi?

166 565 234 604 1116
267 564 424 615 quidem
457 570 517 604 est
549 564 672 603 oculis
705 566 880 616 quamvis
913 565 1108 603 formosus
1140 565 1309 616 iniquis,

166 623 215 662 Et
245 623 400 675 placet,
433 628 471 662 et
501 625 678 675 possim,
711 625 742 662 si
775 635 852 662 non
886 624 935 662 sit
968 623 1117 675 frater,
1150 634 1304 675 amare,

166 681 215 720 Et
247 694 308 720 me
342 682 482 733 dignus
515 688 625 721 erat.
665 693 799 721 verum
832 688 949 721 nocet
980 694 1066 720 esse
1099 693 1298 720 sororem.
1330 718 1333 719 γ

167 740 385 780 Dummodo
419 740 494 779 tale
527 740 622 779 nihil
654 740 816 791 vigilans
849 742 1093 779 committere
1126 745 1339 791 temptem,

80 807 148 840 480
171 799 294 851 Saepe
326 799 419 838 licet
450 799 566 838 simili
598 799 732 838 redeat
763 798 836 838 sub
868 801 1034 850 imagine
1068 810 1251 837 somnus.

168 858 298 897 Testis
330 857 440 896 abest
471 870 606 896 somno
626 889 637 910 ,
669 870 741 897 nec
773 857 884 897 abest
914 859 1062 897 imitata
1094 857 1295 908 voluptas.

169 916 247 956 Pro
279 915 410 955 Venus
443 921 482 955 et
512 922 648 955 tenera
679 916 839 955 volucer
872 929 961 956 cum
993 922 1116 955 matre
1151 915 1324 968 Cupido,

170 975 317 1014 Gaudia
351 981 495 1026 quanta
526 974 627 1014 tuli!
660 987 776 1026 quam
808 987 870 1014 me
902 976 1107 1014 manifesta
1140 974 1258 1014 libido

171 1033 371 1085 Contigit!
404 1039 448 1073 ut
479 1035 580 1073 iacui
612 1035 705 1073 totis
738 1033 909 1073 resoluta
942 1032 1143 1072 medullis!

83 1101 150 1133 485
171 1092 220 1132 Ut
252 1093 477 1131 meminisse
510 1091 644 1131 iuvat!
679 1094 853 1143 quamvis
885 1092 1014 1131 brevis
1048 1092 1109 1130 illa
1142 1091 1344 1143 voluptas,

170 1151 332 1202 Noxque
366 1152 439 1190 suit
470 1163 658 1203 praeceps
689 1157 729 1190 et
760 1152 909 1202 coeptis
941 1151 1070 1190 invida
1102 1152 1270 1189 nostris.

174 1209 235 1250 O!
268 1222 339 1261 ego
359 1241 370 1261 ,
402 1210 435 1248 si
466 1209 581 1248 liceat
612 1215 760 1249 mutato
793 1211 950 1249 nomine
982 1211 1115 1262 iungi,

172 1269 295 1315 Quam
316 1267 416 1307 bene
435 1299 446 1321 ,
473 1267 604 1307 Caune
623 1300 634 1321 ,
659 1275 727 1308 tuo
753 1274 930 1320 poteram
956 1280 1081 1307 nurus
1109 1279 1194 1306 esse
1222 1264 1397 1318 parenti!

173 1328 297 1373 Quam
329 1326 428 1366 bene
447 1358 457 1379 ,
491 1326 621 1366 Caune
640 1358 651 1380 ,
682 1339 769 1366 meo
790 1333 946 1379 poteras
972 1339 1093 1378 gener
1114 1338 1200 1365 esse
1221 1323 1397 1378 parenti!

85 1394 152 1426 490
174 1386 341 1438 Omnia,
373 1385 412 1424 di
444 1386 647 1438 facerent,
681 1391 812 1425 essent
844 1387 1064 1424 communia
1096 1384 1234 1437 nobiS,

174 1445 336 1484 Praeter
368 1456 488 1483 avos.
528 1443 589 1494 [tu
622 1456 683 1483 me
715 1444 853 1483 vellem
886 1445 1115 1495 generosior
1148 1455 1256 1482 esses
1271 1441 1298 1493 .]

173 1503 314 1542 Nescio
347 1515 463 1553 quam
495 1503 614 1541 facies
646 1504 795 1555 igitur,
826 1502 1121 1554 pulcherrime,
1153 1507 1342 1541 matrem:

175 1562 223 1601 At
255 1561 351 1600 mihi
369 1593 381 1613 ,
413 1573 512 1612 quae
532 1560 630 1600 male
652 1573 738 1600 sum
757 1593 768 1613 ,
801 1573 899 1612 quos
930 1566 972 1600 tu
993 1592 1003 1613 ,
1036 1561 1174 1599 sortita
1194 1565 1401 1613 parentes,

175 1620 236 1659 Nil
257 1621 332 1658 nisi
353 1620 476 1659 frater
497 1621 575 1658 eris
596 1650 604 1658 .
637 1619 740 1670 quod
767 1619 879 1658 obest
897 1651 908 1671 ‚
939 1619 978 1658 id
1004 1618 1234 1658 habebimus
1255 1630 1400 1658 unum.

88 1687 157 1718 495
179 1679 281 1724 Quid
314 1678 408 1717 mihi
442 1679 661 1729 significant
693 1691 785 1729 ergo
813 1690 898 1717 mea
931 1679 1010 1716 visa
1029 1675 1051 1716 Ῥ
1071 1699 1126 1705 -
1148 1677 1251 1729 quod
1273 1683 1402 1716 autem

177 1737 335 1777 Somnia
366 1736 521 1789 pondus
554 1736 696 1775 habent
718 1734 739 1775 ?
772 1758 825 1764 -—
859 1748 907 1775 311
940 1735 1084 1776 habent
1118 1741 1157 1775 et
1188 1737 1338 1774 somnia

1215 1791 1403 1846 pondus?

177 1854 223 1894 Di
255 1853 423 1894 melius!
457 1875 509 1883 —
545 1854 584 1894 di
615 1866 755 1906 nempe
789 1865 878 1893 suas
911 1853 1083 1893 habuere
1117 1865 1297 1892 sorores.

178 1914 243 1952 Sic
277 1913 471 1953 Saturnus
503 1912 627 1965 Opem
646 1945 657 1966 ‚
690 1914 861 1952 iunctam
894 1911 969 1951 sibi
1001 1913 1190 1962 sanguine
1209 1942 1221 1964 ,
1253 1911 1386 1951 duxit:

179 1971 359 2011 Oceanus
391 1971 544 2023 Tethyn
563 2003 574 2024 ,
606 1971 795 2010 Iunonem
827 1976 959 2009 rector
992 1969 1168 2021 Olympi.
1201 1990 1256 1997 —

92 2037 160 2070 500
183 2030 283 2069 Sunt
315 2032 470 2082 superis
502 2042 572 2069 sua
604 2032 689 2069 iura
710 2061 718 2069 .
758 2029 851 2080 quid
884 2028 930 2067 ad
964 2029 1143 2067 caelestia
1175 2029 1275 2066 ritus

178 2088 344 2140 Exigere
376 2089 567 2128 humanos
601 2089 832 2139 diversaque
865 2087 1023 2126 foedera
1055 2084 1239 2137 tempto?

179 2148 256 2187 Aut
287 2153 422 2186 nostro
455 2149 600 2186 vetitus
632 2147 679 2186 de
712 2146 831 2186 corde
864 2145 1063 2197 fugabitur
1095 2144 1234 2197 ardor,

179 2207 256 2245 Aut
286 2205 361 2245 hoc
393 2207 425 2245 si
458 2218 611 2257 nequeo
631 2237 642 2258 ‚
673 2217 832 2257 peream
862 2216 1004 2256 precor
1036 2209 1155 2255 ante,
1187 2209 1354 2255 toroque

179 2264 331 2303 Mortua
364 2276 605 2317 componar,
643 2265 872 2316 positaeque
905 2263 971 2302 det
1002 2261 1134 2301 oscula
1174 2262 1318 2301 frater.
1351 2282 1404 2289 -

93 2329 159 2362 505
181 2322 229 2362 Et
261 2329 390 2363 tamen
424 2323 629 2363 arbitrium
662 2323 816 2374 quaerit
846 2333 910 2361 res
943 2323 1017 2360 ista
1049 2321 1240 2360 duorum.
