1554 2563
106 135 193 178 210
358 147 486 170 moins
658 133 872 168 METAMM
885 159 896 170 .

223 245 305 285 Nec
335 244 484 283 Lucina
514 249 645 295 potest
673 245 863 295 parientis
893 255 988 282 voce
1018 244 1177 283 vocari.

224 303 375 343 Nitenti
405 309 535 342 tamen
566 308 628 341 est
658 302 794 341 similis
811 334 824 355 ‚
855 307 1091 353 curvataque
1123 301 1283 341 crebros

224 362 298 401 Dat
328 363 497 413 gemitus
528 360 646 399 arbor
663 393 674 413 ‚
705 361 954 412 lacrimisque
987 360 1216 400 cadentibus
1247 367 1356 400 umet
1374 391 1384 400 .

139 430 206 461 510
226 420 411 460 Constitit
442 420 489 459 ad
520 432 649 458 ramos
681 420 786 458 mitis
817 419 963 458 Lucina
996 419 1173 458 dolentes
1191 451 1203 471 ‚

225 479 483 529 Admovitque
514 490 653 517 manus
685 485 725 517 et
756 477 873 516 verba
904 490 1099 529 puerpera
1130 478 1257 518 dixit.

225 537 354 577 Arbor
385 538 464 588 agit
494 538 612 576 rimas
644 542 683 576 et
713 537 804 575 fissa
835 538 982 575 cortice
1013 538 1144 575 vivum

225 596 369 636 Reddit
400 607 529 647 onus3
560 597 740 646 vagitque
771 607 901 646 puer:
932 606 1049 646 quem
1080 594 1262 634 mollibus
1293 594 1427 635 herbis

226 654 369 693 Naides
400 656 616 705 inpositum
646 654 817 692 lacrimis
849 665 998 692 unxere
1029 655 1204 704 parentis
1224 685 1233 693 .

140 721 206 752 515
226 713 422 752 Laudaret
453 710 592 751 faciem
623 711 740 751 Livor
771 724 927 763 quoque
948 743 956 750 .
994 712 1122 763 qualia
1153 724 1322 764 namque

228 771 402 823 Corpora
432 771 630 810 nudorum
661 770 792 810 tabula
822 772 1040 822 pinguntur
1071 770 1288 824 Amorum,

227 829 332 869 Talis
363 836 476 869 erat:
508 830 576 869 sed
595 861 606 881 ,
638 841 687 868 ne
719 830 835 868 faciat
865 829 1091 868 discrimina
1122 829 1251 868 cultus
1269 861 1281 882 ‚

227 891 306 928 Aut
335 888 427 928 huic
459 888 556 927 adde
586 888 692 926 leves
710 920 721 940 ‚
752 894 820 927 aut
849 887 905 926 illi
935 887 1047 927 deme
1078 887 1311 938 pharetras³

228 947 391 986 Labitur
422 946 575 986 occulte
607 946 782 997 fallitque
814 945 981 985 volatilis
1012 952 1117 985 aetas
1135 978 1148 998 ,

141 1014 209 1046 520
228 1006 278 1044 Et
308 1005 405 1044 nihil
436 1012 497 1044 est
527 1006 638 1044 annis
669 1004 871 1044 velocius.
909 1004 973 1043 ille
1005 1016 1142 1043 sorore

229 1064 352 1103 Natus
384 1076 532 1115 avoque
564 1076 636 1103 suo
654 1095 666 1116 ‚
697 1065 766 1114 qui
796 1063 978 1102 conditus
1009 1062 1148 1102 arbore
1181 1075 1337 1117 nuper,

228 1122 363 1174 Nuper
395 1128 480 1161 erat
510 1124 666 1173 genitus
686 1153 698 1175 ‚
730 1122 845 1160 modo
877 1123 1185 1161 formosissimus
1217 1122 1374 1175 infans,

229 1181 310 1219 Iam
340 1182 492 1220 iuvenis
510 1212 522 1233 ,
553 1182 630 1218 iam
659 1182 719 1219 vir
737 1212 748 1232 ‚
778 1182 855 1219 iam
886 1192 928 1219 se
961 1181 1169 1219 formosior
1200 1182 1286 1232 ipso
1318 1186 1377 1219 est

230 1239 310 1278 Iam
340 1239 468 1290 placet
499 1244 539 1277 et
569 1237 740 1289 Veneri,
772 1240 987 1289 matrisque
1019 1238 1224 1277 ulciscitur
1254 1240 1388 1290 ignes.

143 1306 208 1338 525
229 1298 405 1348 Namque
436 1297 685 1348 pharetratus
717 1296 811 1335 dum
841 1296 907 1335 dat
936 1309 1036 1348 puer
1068 1297 1201 1336 oscula
1232 1299 1370 1350 matri,

230 1357 382 1395 Inscius
414 1357 561 1394 extanti
592 1355 802 1394 destrinxit
831 1355 1050 1394 harundine
1081 1361 1243 1406 pectus.

230 1414 352 1453 Laesa
382 1426 500 1452 manu
532 1419 667 1452 natum
698 1414 769 1452 dea
800 1413 999 1464 reppulit.
1038 1414 1153 1453 altius
1185 1420 1316 1453 actum

230 1472 380 1512 Vulnus
413 1478 498 1511 erat
528 1473 658 1523 specie
677 1503 689 1525 ‚
719 1474 926 1523 primoque
957 1472 1149 1511 fefellerat
1179 1474 1327 1524 ipsam.

232 1531 352 1583 Capta
383 1532 456 1570 viri
487 1531 612 1569 forma
643 1542 722 1569 non
752 1532 829 1569 iam
861 1530 1068 1581 Cythereia
1099 1536 1212 1570 curat

144 1598 211 1630 530
231 1589 395 1642 Litora,
426 1601 505 1628 non
537 1589 612 1627 alto
644 1590 790 1640 repetit
819 1588 981 1640 Paphon
1013 1601 1184 1640 aequore
1216 1591 1383 1630 cinctam

231 1648 511 1698 Piscosamque
538 1646 984 1699 Gnidon‚·gravidamve
1007 1647 1243 1687 Amathunta
1268 1649 1457 1689 metallis:

232 1706 414 1745 Abstinet
446 1712 485 1745 et
515 1705 653 1745 caelo:
685 1706 791 1744 caelo
822 1706 1046 1757 praefertur
1078 1706 1246 1746 Adonis.

233 1765 346 1804 Hunc
377 1770 515 1817 tenet,
546 1764 639 1803 huic
671 1775 802 1802 comes
835 1771 924 1803 est:
965 1771 1199 1816 assuetaque
1231 1777 1387 1817 semper

1249 1825 1290 1862 in
1321 1824 1458 1864 umbra

233 1880 442 1933 Indulgere
474 1880 550 1920 sibi
580 1881 824 1932 formamque
855 1892 999 1932 augere
1031 1881 1218 1934 colendo,

146 1947 213 1980 535
235 1940 311 1979 Per
341 1941 461 1992 iuga,
491 1952 563 1991 per
595 1939 708 1978 silvas
740 1939 980 1989 dumosaque
1013 1951 1103 1978 saxa
1135 1947 1294 1991 vagatur

234 1998 330 2037 Fine
355 2009 486 2049 genus
517 2002 668 2037 vestem
698 1999 778 2036 ritu
809 1999 1009 2036 succincta
1040 1997 1206 2050 Dianae3

234 2056 502 2107 lIortaturque
535 2067 681 2108 canes,
713 2061 898 2106 tutaeque
930 2056 1109 2094 animalia
1138 2057 1329 2110 praedae,

236 2117 313 2154 Aut
343 2127 489 2166 pronos
520 2114 674 2166 lepores
693 2146 704 2167 ‚
736 2120 803 2153 aut
834 2113 982 2152 celsum
1013 2115 1053 2152 in
1086 2127 1233 2154 cornua
1265 2128 1447 2168 cervum,

236 2174 313 2212 Aut
344 2175 462 2224 agitat
493 2173 695 2212 dammas:
726 2185 747 2210 a
779 2171 946 2211 fortibus
978 2172 1149 2211 abstinet
1179 2176 1306 2225 apris,

150 2239 216 2271 540
237 2232 507 2285 Raptoresque
538 2232 652 2282 lupos
684 2237 932 2281 armatosque
965 2231 1161 2281 unguibus
1195 2244 1307 2270 ursos

241 2289 340 2328 Vitat
371 2296 411 2328 et
441 2291 609 2328 armenti
641 2294 834 2328 saturatos
866 2288 983 2327 caede
1014 2288 1171 2328 leones.
1318 2289 1322 2292 ”

238 2347 293 2386 Te
319 2359 501 2401 quoque,
532 2354 576 2387 ut
602 2347 673 2386 hos
698 2348 858 2400 timeaS,
891 2347 1019 2398 siquid
1050 2347 1238 2398 prodesse
1265 2348 1458 2387 monendo
