1554 2563
171 138 250 180 130
424 151 540 173 numu
716 138 930 174 METAMM
944 166 953 175 .

284 248 437 288 Ducere
468 254 510 287 et
539 249 740 288 insuetum
770 249 877 287 ferro
908 248 1164 300 proscindere
1195 261 1397 301 campum.

196 314 264 346 120
282 306 475 345 Mirantur
507 305 670 346 Colchi:
700 305 851 358 Minyae
883 306 1119 346 clamoribus
1151 315 1296 359 augent

283 365 545 416 Adiciuntque
578 366 756 404 animos.
795 364 901 416 galea
932 373 1018 405 tum
1049 367 1169 405 sumit
1199 370 1295 406 aena

282 423 471 474 Vipereos
503 423 642 463 dentes
667 456 678 476 ‚
709 431 750 462 et
780 431 909 462 aratos
941 426 1090 475 spargit
1120 426 1160 463 in
1192 437 1329 476 agros.

285 481 441 521 Semina
473 482 599 521 mollit
628 482 772 522 humus
804 482 928 521 valido
960 485 1178 534 praetincta
1210 495 1383 536 veneno,

283 539 333 579 Et
358 547 544 580 crescunt
567 541 744 592 fiuntque
771 543 844 580 sati
875 553 973 580 nova
993 553 1159 592 corpora
1184 541 1346 581 dentes.
1377 550 1403 576 τ.
1419 551 1505 577 xcv*-

198 606 264 637 125
284 598 415 650 thue
447 599 616 639 hominis
648 601 823 651 speciem
853 607 1029 639 materna
1061 602 1180 639 sumit
1211 601 1251 639 in
1282 599 1389 652 alvo,

284 657 440 709 Perque
472 670 565 697 suos
596 660 703 697 intus
735 670 922 697 numeros
954 660 1203 710 componitur
1233 660 1384 712 infans,

283 715 365 756 Nec
397 718 473 756 nisi
504 724 683 755 maturus
714 728 941 755 communes
973 718 1054 756 exit
1084 718 1124 755 in
1151 729 1265 756 auras
1279 721 1298 757 :⁸

286 774 351 814 Sic
383 775 451 814 ubi
481 775 699 814 visceribus
729 775 908 826 gravidae
940 775 1092 814 telluris
1124 777 1250 827 imago

285 833 434 872 Effecta
467 841 527 873 est
558 834 727 872 hominis
745 852 769 885 ,·
788 835 867 872 feto
900 836 1102 885 consurgit
1132 835 1173 873 in
1204 847 1321 887 arvo;

201 900 266 932 130
286 892 480 944 Quodque
500 895 621 943 magis
641 895 785 931 mirum
805 899 865 930 est
883 923 894 944 ,
925 892 1040 931 simul
1061 892 1164 931 edita
1184 894 1360 933 concutit
1378 905 1483 932 arma
1498 924 1507 933 .

287 951 395 996 Quos
427 951 495 990 ubi
526 951 709 990 viderunt
739 957 971 1002 praeacutae
1003 951 1177 1002 cuspidis
1208 951 1339 991 hastas

285 1009 329 1048 In
361 1016 478 1061 caput
509 1009 712 1048 Haemonii
743 1011 895 1048 iuvenis
927 1016 1114 1060 torquere
1145 1018 1351 1063 parantes,

286 1067 488 1107 Demisere
521 1075 627 1107 metu
661 1068 890 1119 vultumque
923 1069 1173 1119 animumque
1204 1068 1380 1120 Pelasgi.

285 1126 373 1178 Ipsa
405 1139 561 1177 quoque
594 1128 803 1179 extimuit,
834 1139 934 1177 quae
967 1133 1095 1166 tutum
1127 1127 1275 1166 fecerat
1304 1127 1434 1179 illum,

203 1192 267 1224 135
287 1184 416 1235 thue
448 1187 528 1236 peti
559 1185 655 1223 vidit
687 1187 865 1223 iuvenem
899 1192 956 1223 tot
986 1185 1033 1223 ab
1065 1185 1244 1224 hostibus
1278 1198 1422 1237 unum,

286 1243 429 1282 Palluit
460 1249 501 1282 et
532 1243 662 1282 subito
695 1244 779 1282 sine
811 1246 999 1294 sanguine
1032 1244 1171 1294 frigida
1202 1244 1327 1295 sedit;

286 1301 391 1341 Neve
423 1314 561 1353 parum
594 1302 745 1340 valeant
776 1314 797 1340 a
828 1314 870 1340 se
903 1302 989 1340 data
1021 1303 1224 1354 gramina,
1256 1314 1414 1341 carmen

286 1361 482 1399 Auxiliare
515 1362 619 1399 canit
636 1392 647 1413 ,
680 1366 930 1411 secretasque
962 1360 1124 1399 advocat
1154 1368 1280 1399 artes.

288 1418 355 1459 llle
388 1431 544 1470 gravem
576 1418 725 1457 medios
757 1418 906 1457 silicem
938 1419 1127 1458 iaculatus
1158 1421 1198 1457 in
1229 1419 1363 1458 hostes

204 1485 270 1516 140
291 1479 322 1516 A
355 1489 396 1516 se
428 1478 635 1529 depulsum
667 1477 831 1516 Martem
863 1478 1057 1516 convertit
1086 1479 1127 1516 in
1159 1479 1289 1529 ipsos.

288 1535 526 1587 Terrigenae
557 1543 727 1587 pereunt
756 1548 828 1587 per
858 1542 994 1574 mutua
1024 1535 1186 1574 vulnera
1217 1537 1382 1589 fratres,

289 1594 479 1646 Civilique
512 1595 657 1633 cadunt
688 1596 799 1633 acie.
837 1600 1041 1645 gratantur
1073 1594 1231 1647 Achivi,

288 1652 565 1704 victoremque
599 1660 734 1692 tenent
764 1652 964 1704 avidisque
995 1652 1236 1704 amplexibus
1267 1653 1452 1693 haerent.

289 1712 349 1751 Tu
382 1724 539 1763 quoque
572 1714 759 1751 victorem
791 1711 1027 1764 complecti,
1058 1711 1251 1763 barbara,
1284 1710 1424 1764 velles;

208 1778 271 1809 145
294 1769 476 1820 [Obstitit
507 1772 689 1821 incoepto
720 1770 848 1821 pudor
868 1801 877 1808 .
915 1777 954 1808 at
985 1770 1185 1821 complexa
1217 1770 1383 1822 suisses;

291 1828 368 1867 Sed
403 1836 439 1867 te
458 1860 469 1880 ‚
501 1841 549 1867 ne
582 1830 732 1867 faceres
751 1860 762 1880 ,
795 1830 921 1867 tenuit
953 1830 1172 1866 reverentia
1204 1829 1327 1867 famae
1342 1826 1370 1878 .]

291 1886 405 1932 Quod
436 1887 528 1926 licet
544 1918 556 1939 ,
586 1893 747 1938 aspectu
781 1888 897 1925 tacito
929 1886 1086 1925 laetaris
1104 1918 1115 1937 ,
1146 1888 1307 1938 agisque

292 1944 539 1985 Carminibus
570 1952 701 1996 grates
733 1951 774 1983 et
804 1945 862 1983 dis
894 1944 1122 1983 auctoribus
1154 1946 1318 1984 horum.

350 2004 581 2055 Pervigilem
614 2011 796 2054 superest
827 2002 958 2041 herbis
990 2004 1119 2054 sopire
1152 2004 1384 2042 draconem.

210 2071 271 2102 150
293 2062 389 2113 [Qui
421 2065 538 2102 crista
569 2063 791 2114 linguisque
825 2061 949 2100 tribus
980 2063 1197 2112 praesignis
1229 2069 1270 2100 et
1301 2063 1438 2100 uncis.

293 2121 484 2161 Dentibus
517 2120 738 2160 horrendus
771 2126 904 2158 custos
930 2126 1014 2157 erat
1045 2120 1196 2158 arboris
1227 2131 1369 2158 aureae
1384 2118 1412 2170 .]

292 2180 407 2219 Hunc
440 2187 645 2231 postquam
677 2180 821 2230 sparsit
850 2177 1010 2217 Lethaei
1041 2181 1215 2228 gramine
1241 2180 1327 2217 suci

293 2238 496 2289 Verbaque
530 2246 590 2277 ter
621 2238 718 2276 dixit
747 2236 919 2288 placidos
950 2237 1131 2275 facientia
1162 2248 1344 2289 somnos,

295 2297 403 2343 Quae
435 2309 542 2336 mare
575 2296 775 2335 turbatum
793 2327 805 2347 ,
836 2307 933 2346 quae
967 2296 1118 2334 concita
1156 2296 1316 2334 flumina
1347 2296 1513 2346 sistunt,

214 2364 275 2395 155
297 2355 467 2394 Somnus
497 2356 538 2394 in
569 2356 723 2404 ignotos
755 2354 890 2392 oculos
921 2353 996 2392 sibi
1028 2356 1162 2404 venit,
1193 2362 1234 2392 et
1263 2365 1358 2392 auro
