1554 2563
124 123 204 165 186
372 137 493 158 anms
672 122 883 157 METAMM
898 151 904 158 .

238 233 314 272 Vos
346 234 462 272 etiam
481 264 492 286 ‚
525 244 681 284 quoque
713 232 787 271 hoc
819 234 947 271 animo
980 232 1139 271 meliore
1172 233 1329 284 seratis,

236 292 295 330 Me
329 303 484 343 quoque
518 292 594 329 sata
625 297 796 342 regunt.
835 304 933 342 quae
966 293 999 330 si
1030 296 1181 330 mutare
1214 291 1406 343 valerem,

148 358 215 390 435
236 350 317 389 Nec
337 356 515 389 nostrum
548 351 625 388 seri
658 355 866 389 curvarent
896 351 1049 388 Aeacon
1081 351 1194 402 anni,

237 409 556 460 Perpetuumque
590 410 671 447 aevi
703 408 840 448 ssorem
872 408 1190 447 Rhadamanthus
1221 407 1384 446 haberet

239 467 336 506 Cum
369 467 496 506 Minoe
529 479 616 506 meo
636 499 647 519 ,
680 469 745 518 qui
778 473 940 519 propter
972 479 1100 506 amara
1133 472 1313 506 senectae

236 526 415 564 Pondera
448 527 692 578 despicitur,
724 538 796 565 nec
829 538 905 577 quo
937 527 1047 577 prius
1079 525 1215 564 ordine
1247 531 1384 576 regnat
1399 520 1423 563 .'

238 585 348 623 Dicta
380 584 480 623 lovis
513 597 669 623 movere
703 584 826 637 deos3
858 597 930 623 nec
963 586 1132 623 sustinet
1163 584 1290 636 ullus,

149 651 217 682 440
239 643 336 682 Cum
368 643 495 682 videat
527 644 651 682 sessos
682 643 1003 682 Rhadamanthon
1036 649 1075 682 et
1106 643 1258 681 Aeacon
1292 643 1403 681 annis

238 702 287 741 Et
318 702 475 755 Minoa,
508 703 649 753 queri.
688 703 784 755 qui,
817 702 909 741 dum
941 702 1015 741 suit
1045 703 1197 753 integer
1229 702 1335 753 aevi,

238 761 453 800 Terruerat
484 772 642 812 magnas
673 762 758 812 ipso
792 773 948 812 quoque
981 762 1137 799 nomine
1170 765 1332 813 gentes,

238 819 349 858 Tunc
381 825 465 858 erat
495 819 715 872 invalidus,
748 819 1042 870 Deionidenque
1075 821 1254 858 iuventae

239 878 395 917 Robore
427 878 602 917 Miletum
635 877 872 929 Phoeboque
904 886 1066 929 parente
1100 877 1314 929 superbum

152 945 218 975 445
240 937 477 990 Pertimuit,
510 937 754 988 credensque
786 938 868 976 suis
900 938 1104 988 insurgere
1138 937 1293 987 regni5‚

240 995 349 1034 Haud
381 1001 511 1034 tamen
544 1003 604 1035 est
634 997 770 1046 patriis
802 1007 937 1035 arcere
969 994 1175 1047 penatibus
1208 1007 1350 1033 ausus.

242 1054 388 1106 Sponte
422 1055 524 1105 fugis
542 1086 553 1107 ‚
584 1054 714 1094 Milete
733 1086 744 1107 ,
776 1059 870 1107 tua,
904 1053 1100 1105 celerique
1134 1054 1263 1092 carina

239 1113 409 1164 Aegaeas
441 1114 592 1151 metiris
624 1125 772 1165 aquas,
806 1119 845 1152 et
875 1114 913 1151 in
947 1113 1061 1151 Aside
1093 1118 1198 1151 terra

239 1171 391 1210 Moenia
423 1173 630 1210 constituis
661 1173 846 1223 positoris
878 1170 1058 1210 habentia
1091 1183 1257 1210 nomen.

152 1229 312 1269 45011ic
344 1229 415 1268 tibi
434 1261 445 1283 ‚
477 1230 569 1268 dum
602 1232 781 1281 sequitur
813 1231 961 1281 patriae
995 1231 1219 1268 curvamina
1250 1230 1382 1280 ripae,

240 1289 336 1328 Filia
367 1288 564 1327 Maeandri
596 1290 739 1327 totiens
771 1288 972 1327 redeuntis
1006 1288 1143 1327 eodem

242 1347 403 1398 Cognita
438 1346 587 1398 Cyanee
607 1378 618 1399 ‚
649 1348 863 1398 praestanti
897 1359 1060 1398 corpora
1092 1347 1239 1398 forma,

241 1404 400 1457 Byblida
433 1418 519 1445 cum
554 1405 715 1458 Cauno,
746 1405 896 1457 prolem
929 1411 988 1444 est
1020 1407 1130 1444 enixa
1163 1404 1384 1456 gemellam.

259 1465 371 1516 lyblis
403 1466 442 1503 in
477 1464 652 1516 exemplo
685 1470 773 1516 est,
806 1469 849 1503 ut
880 1469 1011 1502 ament
1043 1476 1229 1503 concessa
1259 1463 1436 1515 puellae:

155 1530 220 1562 455
243 1523 373 1575 Byblis
405 1523 596 1574 Apollinei
629 1529 809 1574 correpta
842 1523 1023 1574 cupidine
1056 1523 1188 1561 fratris

242 1583 328 1621 Non
361 1594 474 1621 soror
506 1588 550 1620 ut
581 1582 772 1633 fratrem,
805 1593 876 1620 nec
910 1594 982 1632 qua
1017 1580 1210 1634 debebat,
1243 1582 1405 1619 amavit.

243 1641 308 1679 llla
341 1640 497 1692 quidem
529 1642 654 1692 primo
687 1640 815 1679 nullos
847 1640 1037 1691 intellegit
1067 1641 1201 1692 ignes,

243 1699 323 1738 Nec
355 1711 517 1750 peccare
550 1704 690 1751 putat,
723 1698 824 1750 quod
859 1700 1013 1750 saepius
1046 1698 1176 1737 oscula
1209 1699 1365 1751 iungat,

245 1758 355 1804 Quod
390 1769 458 1796 sua
491 1758 665 1796 fraterno
699 1757 915 1796 circumdet
947 1756 1128 1795 bracchia
1160 1755 1281 1809 collo;

155 1823 222 1855 460
242 1816 497 1867 Mendacique
530 1816 595 1854 diu
627 1817 783 1867 pietatis
815 1815 961 1854 fallitur
993 1815 1154 1854 umbra.

243 1875 434 1914 Paulatim
467 1874 634 1913 declinat
665 1886 802 1913 amor:
833 1875 1042 1925 visuraque
1075 1874 1237 1912 fratrem

245 1933 355 1973 Culta
388 1934 520 1985 venit,
553 1934 795 1984 nimiumque
827 1933 935 1984 cupit
966 1933 1135 1971 formosa
1167 1932 1314 1972 videri:

244 1992 294 2031 Et
325 1994 435 2043 siqua
469 1997 528 2030 est
559 1991 637 2030 illic
669 1992 877 2030 formosior
899 2022 910 2044 ‚
941 1990 1087 2029 invidet
1118 1990 1196 2029 illi.

247 2051 321 2090 Sed
355 2050 527 2089 nondum
560 2050 764 2089 manifesta
796 2048 870 2088 sibi
902 2054 990 2099 est,
1022 2048 1251 2100 nullumque
1292 2048 1363 2087 sub
1402 2047 1466 2086 illo

157 2116 223 2148 465
245 2109 338 2160 Igne
370 2110 462 2147 facit
494 2114 657 2147 votum:
687 2114 956 2147 verumtamen
989 2112 1141 2146 aestuat
1171 2109 1302 2146 intus.

247 2168 323 2206 lam
356 2167 556 2206 dominum
590 2166 784 2219 appellat,
817 2168 892 2205 iam
930 2167 1086 2204 nomina
1125 2167 1325 2217 sanguinis
1365 2164 1469 2204 odit:

245 2225 404 2277 Byblida
436 2227 511 2264 iam
543 2225 716 2277 mavult,
749 2237 863 2276 quam
897 2236 937 2263 se
970 2229 1083 2262 vocet
1113 2224 1176 2263 ille
1209 2235 1410 2263 sororem.

248 2283 346 2335 Spes
379 2290 508 2323 tamen
541 2283 731 2322 obscenas
765 2285 892 2321 animo
925 2283 1132 2321 demittere
1164 2295 1243 2321 non
1275 2289 1334 2322 est

249 2342 349 2381 Ausa
381 2354 451 2381 suo
485 2341 646 2392 vigilans
667 2372 675 2380 .
713 2341 861 2393 placida
895 2341 1066 2380 resoluta
1098 2342 1228 2392 quiete
