1554 2563
538 121 606 156 XV
623 149 632 166 ,
657 125 842 157 226-298
857 147 865 156 .
962 133 1188 156 Prrfflooms
1284 121 1369 163 313

153 229 239 270 Vidi
271 243 342 282 ego
375 229 479 282 quod
512 231 639 270 suerat
670 230 865 281 quondam
898 230 1130 270 solidissima
1160 230 1299 284 tellus,

151 288 248 328 Esse
281 290 455 329 fretum:
486 289 564 328 vidi
595 289 714 328 factas
747 301 793 328 ex
826 301 995 340 aequore
1027 296 1176 342 terra53

151 347 201 386 Et
231 347 370 399 procul
401 359 423 386 a
453 347 588 399 pelago
621 347 791 387 conchae
823 349 978 387 iacuere
1011 349 1205 400 marinae,

64 412 131 444 265
151 405 201 445 Et
231 411 343 445 vetus
373 407 530 445 inventa
561 412 621 446 est
650 408 690 445 in
722 406 920 445 montibus
952 418 1094 445 ancora
1125 408 1311 446 summis:

153 463 343 516 Quodque
376 465 450 504 suit
482 477 670 517 campus,
701 464 837 503 vallem
869 465 1061 504 decursus
1093 477 1281 516 aquarum

151 522 291 575 Fecit,
324 529 362 562 et
394 523 520 562 eluvie
552 535 664 562 mons
696 529 756 562 est
788 523 980 563 deductus
1011 525 1051 562 in
1083 536 1253 576 aequor,

150 580 261 632 Eque
293 581 480 633 paludosa
511 583 626 621 siccis
658 582 800 621 humus
833 588 916 621 aret
948 582 1128 634 harenis3

150 639 336 691 Quaeque
369 641 475 679 sitim
506 640 706 693 tulerant,
737 646 913 692 stagnata
943 640 1152 692 paludibus
1184 645 1340 680 ument.

62 697 251 737 27011inc
283 699 412 738 sontes
443 704 583 738 natura
614 711 735 738 novos
768 700 925 752 emisit,
957 705 995 738 at
1025 699 1103 738 illic

150 756 324 809 Clausit3
356 762 395 796 et
426 762 493 796 aut
523 759 611 796 imis
643 763 835 796 commota
866 757 1104 797 tremoribus
1136 757 1242 796 orbis

150 814 328 854 Flumina
359 815 598 867 prosiliunt,
631 821 697 855 aut
728 821 931 855 excaecata
963 815 1164 855 residunt.

150 872 214 912 Sic
246 873 314 912 ubi
346 880 504 913 terreno
536 873 663 925 Lycus
695 880 755 913 est
786 880 926 926 epotus
957 874 1088 927 hiatu,

150 931 294 971 Existit
326 932 466 984 procul
496 932 587 971 hinc
605 964 616 985 ‚
648 932 800 984 alioque
832 934 1053 972 renascitur
1085 944 1176 971 ore.

63 997 129 1028 275
153 990 216 1029 Sic
249 990 364 1030 modo
398 990 622 1030 conbibitur
640 1023 651 1044 ‚
683 991 796 1030 modo
829 997 932 1030 tecto
965 992 1119 1042 gurgite
1144 990 1282 1045 ,lapsus

150 1048 344 1088 Redditur
376 1049 566 1100 Argolicis
597 1051 735 1101 ingens
766 1049 953 1089 Erasinus
984 1051 1025 1088 in
1058 1050 1182 1088 arvis.

150 1107 199 1146 Et
230 1107 384 1159 Mysum
416 1109 632 1159 capitisque
664 1110 726 1147 sui
756 1110 942 1159 ripaeque
974 1109 1118 1159 prioris

148 1166 392 1205 Paenituisse
425 1167 557 1205 serunt
575 1198 586 1219 ‚
618 1166 689 1205 alla
721 1179 826 1205 nunc
857 1168 915 1205 ire
934 1198 944 1218 ‚
978 1166 1159 1205 Caicum.

149 1224 230 1263 Nec
261 1237 340 1263 non
374 1224 546 1264 Sicanias
578 1224 736 1264 volvens
767 1226 989 1263 Amenanus
1021 1224 1186 1263 harenas

62 1289 129 1322 280
149 1282 262 1322 Nunc
294 1283 380 1322 ssuit
398 1315 409 1335 ,
440 1283 639 1322 interdum
671 1285 894 1335 suppressis
926 1282 1103 1321 sontibus
1135 1288 1241 1321 aret.

148 1342 248 1380 Ante
279 1341 486 1380 bibebatur
504 1373 516 1394 ‚
547 1354 652 1381 nunc
684 1354 779 1393 quas
813 1343 1039 1393 contingere
1072 1340 1196 1393 nolis,

149 1399 294 1439 Fundit
323 1401 492 1451 Anigrus
518 1412 637 1451 aquas
655 1432 666 1453 ‚
698 1406 905 1452 postquam
924 1431 935 1452 ‚
967 1401 1042 1438 nisi
1066 1398 1219 1438 vatibus
1246 1400 1371 1439 omnis

148 1457 360 1509 Eripienda
390 1458 487 1497 fides
505 1489 516 1510 ‚
547 1458 626 1498 illic
657 1458 783 1497 lavere
809 1457 1046 1497 bimembres
1231 1466 1260 1493 f.
1279 1466 1369 1492 corii.

150 1515 343 1569 Vulnera,
375 1516 557 1567 clavigeri
589 1529 687 1567 quae
720 1518 868 1555 fecerat
898 1515 1078 1554 Herculis
1110 1528 1248 1555 arcus.

61 1581 128 1612 285
150 1574 251 1620 Quid
271 1572 292 1614 ‘P
324 1587 402 1614 non
434 1581 473 1613 et
505 1574 697 1626 Scythicis
722 1574 893 1626 Hypanis
926 1574 973 1613 de
1004 1574 1203 1613 montibus
1238 1579 1372 1628 ortus,

151 1633 226 1679 Qui
258 1634 386 1672 suerat
417 1633 541 1672 dulcis
566 1665 577 1685 ,
608 1633 753 1672 salibus
785 1635 944 1672 vitiatur
975 1631 1151 1672 amaris?

150 1692 353 1731 Fluctibus
385 1691 550 1730 ambitae
584 1692 739 1731 fuerant
769 1692 925 1730 Antissa
955 1690 1183 1742 Pharosque

150 1749 200 1790 Et
230 1750 446 1789 Phoenissa
470 1750 624 1801 Tyros:
657 1762 824 1801 quarum
856 1762 961 1789 nunc
993 1749 1120 1789 insula
1153 1749 1258 1788 nulla
1289 1755 1370 1789 est.

57 1847 59 1849 ,
149 1808 327 1848 Leucada
359 1810 585 1848 continuam
616 1815 769 1847 veteres
801 1807 973 1847 habuere
1006 1808 1157 1847 coloni:

61 1873 130 1905 290
151 1867 263 1906 Nunc
295 1868 394 1906 freta
426 1869 701 1906 circumeunt.
740 1865 878 1905 Zancle
911 1879 1067 1917 quoque
1098 1868 1230 1905 iuncta
1250 1866 1371 1905 fuisse

150 1926 302 1964 Dicitur
333 1925 493 1978 Italiae,
526 1925 651 1964 donec
683 1926 849 1964 confinia
879 1931 1024 1976 pontus

149 1983 348 2036 Abstulit,
381 1990 420 2023 et
450 1983 576 2023 medIa
608 1983 790 2022 tellurem
821 1983 992 2035 reppulit
1017 1982 1143 2022 unda.

152 2041 193 2081 Si
226 2055 390 2093 quaeras
420 2042 582 2081 Helicen
614 2048 653 2081 et
683 2041 805 2080 Burhi
824 2073 835 2094 ‚
865 2041 1054 2080 Achaidas
1085 2041 1229 2094 urbes,

150 2101 328 2140 Invenies
360 2100 433 2140 sub
465 2102 605 2152 aquis3
638 2106 676 2139 et
708 2100 833 2139 adhuc
865 2100 1072 2139 ostendere
1104 2105 1244 2140 nautae

63 2166 131 2198 295
151 2159 340 2198 Inclinata
372 2159 499 2198 solent
531 2171 619 2198 cum
651 2158 857 2197 moenibus
889 2157 1032 2211 oppida>
1061 2160 1224 2197 mersis.

150 2217 220 2256 Est
250 2229 373 2270 prope
405 2217 598 2256 Pittheam
630 2217 804 2256 tumulus
837 2216 1064 2269 Troezena,
1097 2218 1180 2255 sine
1212 2216 1302 2256 ullis

151 2276 306 2315 Arduus
338 2275 545 2315 arboribus
564 2307 574 2327 ,
606 2275 803 2326 quondam
836 2275 1061 2326 planissima
1093 2277 1219 2326 campi

151 2335 251 2373 Area
269 2365 280 2386 ‚
311 2346 416 2374 nunc
441 2334 615 2373 tumulus
635 2347 644 2374 :
676 2346 764 2372 nam
785 2355 839 2360 —
861 2346 925 2373 res
950 2333 1145 2372 horrenda
1170 2333 1295 2372 relatu
1316 2354 1366 2359 -
