1554 2563
555 111 622 146 XV
638 139 647 155 ‚
674 114 859 146 814—879
875 138 882 144 .
979 122 1042 144 mv
1056 137 1064 145 .
1090 120 1206 145 mut-s
1303 105 1387 148 329

169 222 267 262 Esse
299 224 381 261 suis
413 223 589 274 maiora,
621 227 661 260 et
690 221 793 259 vinci
824 219 967 272 gaudet
999 218 1044 258 ab
1077 218 1163 257 illc.

169 280 241 320 Hic
273 292 342 320 sua
373 280 563 332 praeferri
595 290 829 331 quamquam
859 284 962 318 vetat
987 282 1072 317 acta
1103 277 1298 328 paternis,

169 338 308 378 Libera
341 339 439 378 sama
471 345 599 378 tamen
630 337 825 388 nullisque
858 336 1023 376 obnoxia
1054 336 1172 375 iussis

170 397 338 437 Invitum
370 398 542 449 praefert
560 428 571 449 ,
602 408 757 448 unaque
789 397 829 434 in
861 401 971 447 parte
1003 398 1217 446 repugnat.

81 465 148 497 855
172 456 236 495 Sic
268 457 396 507 magni
428 455 531 495 cedit
562 455 686 495 titulis
717 455 1015 505 Agamemnonis
1047 453 1213 505 Atreus;

171 516 297 566 Aegea
328 516 384 553 sic
417 514 622 566 Theseus,
655 515 710 552 sic
740 513 857 552 Pelea
891 514 1008 551 vincit
1039 511 1230 550 Achilles.

173 574 346 624 Denique
366 605 377 625 ‚
409 579 452 612 ut
484 571 670 623 exemplis
702 573 808 624 ipsos
840 569 1099 622 aequantibus
1132 576 1243 623 utar,

173 632 237 671 Sic
269 638 308 670 et
340 631 534 671 Saturnus
566 632 694 670 minor
726 636 786 669 est
816 629 932 669 Iove.
972 629 1146 681 Iuppiter
1178 639 1288 667 arces

171 690 380 742 Temperat
412 689 604 729 aetherias
637 695 675 728 et
706 688 840 728 mundi
872 700 991 740 regna
1024 687 1234 738 triformis3

82 757 150 789 860
170 749 294 788 Terra
325 747 397 788 sub
429 748 634 800 Augusto.
674 755 782 799 pater
815 752 875 786 est
907 752 945 785 ct
976 752 1107 785 rector
1139 751 1330 797 uterque.

172 807 246 860 Di,
278 819 420 858 precor
438 839 449 860 ,
481 808 632 846 Aeneae
672 808 834 845 comites
854 837 864 857 ,
897 805 1038 856 quibus
1078 805 1182 843 ensis
1219 809 1259 843 et
1289 803 1390 855 ignis

172 865 413 918 Cesserunt,
446 865 563 916 dique
595 864 789 916 Indigetes
809 896 819 916 ,
851 866 1082 915 genitorque
1116 863 1278 908 Quirine

172 923 316 976 Urbis,
349 929 388 963 et
419 925 553 963 invicti
578 925 732 975 genitor
765 922 926 962 Gradive
962 922 1138 974 Quirini,

172 982 364 1033 Vestaque
398 981 609 1022 Caesareos
640 983 744 1021 inter
776 987 924 1021 sacrata
955 986 1140 1033 penates,

84 1049 151 1081 865
172 1040 221 1080 Et
253 1053 341 1080 cum
375 1041 562 1080 Caesarea
594 1046 636 1080 tu
655 1073 665 1093 ,
696 1040 853 1079 Phoebe
886 1040 1097 1079 domestice
1116 1070 1128 1092 ,
1159 1037 1298 1092 Vesta,

174 1099 327 1151 Quique
361 1105 472 1139 tenes
504 1100 604 1139 altus
637 1099 820 1150 Tarpeias
853 1098 1028 1150 luppiter
1060 1097 1198 1150 aedes,

174 1158 360 1209 Quosque
394 1158 488 1197 alios
520 1160 597 1197 vati
629 1158 685 1196 fas
717 1157 910 1209 appellare
942 1159 1129 1208 piumque
1163 1161 1246 1196 est:

174 1216 299 1255 Tarda
331 1218 381 1255 sit
413 1217 474 1255 illa
507 1217 590 1255 dies
621 1222 661 1255 et
690 1221 826 1255 nostro
859 1216 985 1254 serior
1017 1226 1134 1267 aevo,

175 1275 257 1321 Qua
290 1281 405 1326 caput
436 1275 656 1326 Augustum
675 1306 686 1327 ‚
718 1286 834 1326 quem
872 1279 1092 1326 temperat,
1124 1272 1218 1312 orbe
1255 1272 1393 1312 relicto

85 1342 153 1373 870
172 1332 341 1372 Accedat
372 1333 477 1372 caelo
511 1334 711 1384 faveatque
744 1331 996 1384 precantibus
1029 1331 1192 1370 absens.

232 1391 391 1442 Iamque
425 1404 523 1443 opus
556 1393 695 1443 exegi,
729 1391 833 1442 quod
865 1403 938 1430 nec
967 1390 1068 1429 Iovis
1100 1391 1157 1428 ira
1188 1401 1261 1429 nec
1292 1390 1394 1441 ignis

174 1450 253 1489 Nec
286 1451 431 1501 poterit
463 1450 612 1488 serrum
643 1461 715 1488 nec
747 1449 844 1488 edax
876 1449 1031 1488 abolere
1061 1454 1257 1487 vetustas.

176 1507 272 1547 Cum
304 1507 436 1561 volet,
468 1508 531 1547 illa
563 1508 645 1547 dies
664 1539 675 1560 ‚
707 1520 805 1559 quae
838 1507 892 1546 nil
923 1509 999 1546 nisi
1030 1508 1207 1558 corporis
1238 1506 1355 1545 huius

174 1566 239 1606 Ius
271 1566 416 1619 habet,
448 1568 588 1605 incerti
620 1567 788 1618 spatium
819 1566 912 1605 mihi
945 1566 1052 1605 finiat
1084 1567 1188 1605 aevi:

88 1632 155 1664 875
175 1625 292 1664 Parte
326 1631 454 1664 tamen
487 1625 647 1664 meliore
679 1627 757 1664 mei
788 1637 907 1676 super
939 1624 1014 1664 alta
1044 1625 1229 1676 perennis

175 1684 289 1723 Astra
323 1684 454 1736 ferar,
486 1696 707 1735 nomenque
740 1685 815 1723 erit
846 1682 1052 1722 indelebile
1084 1688 1287 1723 nostrum.

177 1742 339 1793 Quaque
371 1747 478 1793 patet
509 1742 664 1781 domitis
697 1742 869 1781 Romana
900 1743 1075 1793 potentia
1105 1742 1246 1794 terris,

177 1799 253 1839 Ore
286 1800 390 1851 legar
421 1801 583 1853 populi,
615 1813 763 1852 perque
797 1802 925 1839 omnia
957 1799 1110 1840 saecula
1142 1800 1266 1852 sama,

178 1858 314 1910 Siquid
346 1858 490 1898 habent
520 1861 602 1899 veri
627 1865 756 1899 vatum
789 1861 986 1911 praesagia
1005 1890 1016 1912 ,
1047 1860 1192 1898 vivam.
