1554 2563
595 144 644 179 IX
659 171 669 188 ,
695 147 879 179 727—797
894 169 902 179 .
1073 155 1166 178 irme
1340 139 1423 182 195

200 254 350 295 Pressit
381 254 427 295 ab
458 255 519 294 his
550 266 714 294 vocem.
753 266 826 294 nec
857 254 984 293 lenius
1016 252 1136 292 altera
1167 254 1275 304 virgo

114 321 180 354 765
200 315 391 365 Aestuat,
428 319 551 365 utque
589 313 694 353 celer
734 314 895 366 venias,
926 312 1177 365 Hymenaee,
1215 316 1423 363 precatur.

202 373 313 419 Quod
345 374 443 425 petit
473 373 568 412 haec
587 404 598 426 ‚
629 371 841 411 Telethusa
872 373 1015 411 timens
1048 370 1162 410 modo
1194 375 1371 422 tempora

1271 429 1425 480 differt,

201 491 314 531 Nunc
346 491 436 530 ficto
468 490 655 542 languore
687 502 836 530 moram
869 489 1016 543 trahit,
1048 490 1176 528 omina
1209 499 1324 539 saepe

201 549 368 601 Visaque
402 554 614 589 causatur.
653 549 722 588 sed
754 550 829 588 iam
862 553 1161 601 consumpserat
1193 557 1349 587 omnem

201 608 400 648 Materiam
433 609 535 661 ficti,
568 607 761 659 dilataque
795 614 971 660 tempora
1002 608 1136 647 taedae

113 675 180 707 770
202 667 458 719 institerant,
491 679 672 718 unusque
706 666 788 705 dies
821 666 1022 706 restabat.
1062 672 1100 705 at
1130 666 1194 705 illa

202 725 396 765 Crinalem
429 727 545 777 capiti
576 727 710 765 vittam
743 730 933 777 nataeque
967 725 1119 776 sibique

202 784 408 837 Detrahit,
440 790 480 823 et
510 786 634 836 passis
666 796 772 823 aram
804 784 1005 836 complexa
1037 783 1184 835 capillis

202 840 269 883 ‘Isi
288 875 299 897 ‚
330 843 605 882 Paraetonium
631 843 920 895 Mareoticaque
952 855 1042 882 arva
1074 843 1308 893 Pharonque

203 902 310 948 Quae
344 901 468 954 colis,
501 907 540 941 et
572 907 722 953 septem
754 902 949 953 digestum
979 903 1019 941 in
1052 913 1199 941 cornua
1232 900 1385 940 Nilum:

115 968 180 1000 775
202 961 300 1014 Fer,
325 973 467 1012 precor
479 957 505 1013 ,³
526 962 654 1012 inquit
673 957 804 1012 ‘opem
822 992 833 1013 ,
859 966 1072 1012 nostroque
1094 960 1252 1000 medere
1273 959 1425 998 timori.

202 1020 282 1073 Te,
314 1020 414 1072 dea,
447 1025 485 1059 te
519 1019 714 1071 quondam
747 1025 891 1071 tuaque
922 1019 1019 1059 haec
1050 1020 1219 1071 insignia
1250 1018 1328 1057 vidi

204 1077 450 1130 [Cunctaque
484 1080 677 1130 cognovi,
709 1080 880 1117 sonitum
913 1079 1216 1129 comitantiaque
1248 1075 1355 1127 aera]

204 1137 422 1177 Sistrorum
441 1169 452 1190 ‚
484 1138 727 1188 memorique
760 1139 887 1176 animo
921 1142 987 1176 tua
1018 1138 1123 1176 iussa
1155 1137 1307 1175 notavi.

205 1196 317 1242 Quod
349 1196 454 1236 videt
484 1195 580 1235 haec
611 1196 769 1248 lucem,
802 1195 905 1247 quod
938 1208 1016 1235 non
1037 1208 1107 1247 ego
1129 1196 1302 1247 punior,
1335 1206 1427 1234 ecce

116 1263 183 1295 780
205 1254 420 1294 Consilium
452 1267 674 1306 munusque
707 1260 819 1293 tuum
852 1260 939 1294 est.
980 1256 1170 1294 miserere
1203 1254 1392 1305 duarum,

203 1313 436 1365 Auxilioque
468 1315 556 1353 iuva
576 1311 601 1352 .'
639 1313 821 1353 lacrimae
854 1319 947 1353 sunt
978 1313 1096 1353 verba
1128 1318 1308 1352 secutae.

205 1372 292 1412 Visa
324 1372 395 1412 dea
427 1378 488 1412 est
518 1373 685 1412 movisse
718 1384 808 1411 suas
827 1403 838 1425 ,
871 1378 909 1411 et
941 1378 1143 1425 moverat,
1176 1383 1286 1424 aras,

204 1431 254 1471 Et
286 1431 420 1483 templi
452 1436 650 1470 tremuere
683 1431 818 1483 soreS‚
849 1432 1076 1482 imitataque
1109 1431 1240 1470 lunam

207 1490 363 1530 Cornua
396 1489 621 1542 fulserunt,
653 1491 885 1541 crepuitque
918 1489 1090 1528 sonabile
1124 1490 1308 1528 sistrum.

117 1557 183 1588 785
204 1548 291 1588 Non
323 1560 462 1588 secura
494 1548 652 1599 quidem
671 1579 682 1600 ,
714 1548 841 1587 fausto
874 1553 1003 1587 tamen
1036 1549 1164 1586 omine
1197 1547 1296 1586 laeta

204 1607 328 1647 Mater
360 1606 441 1646 abit
471 1606 644 1658 templo.
685 1608 864 1658 sequitur
897 1618 1027 1645 comes
1061 1606 1166 1658 Iphis
1199 1612 1382 1658 euntem,

206 1666 331 1712 Quam
363 1665 474 1704 solita
512 1670 601 1718 est,
633 1666 778 1704 maiore
817 1664 968 1716 gradu:
1000 1677 1073 1704 nec
1112 1664 1257 1704 candor
1288 1666 1327 1703 in
1361 1675 1428 1703 ore

205 1724 442 1777 Permanet,
475 1730 514 1763 et
545 1725 647 1763 vires
679 1729 871 1775 augentur
890 1756 901 1776 ‚
933 1729 972 1763 et
1003 1725 1130 1763 acrior
1161 1725 1245 1775 ipse
1278 1728 1339 1762 est

206 1782 374 1836 Vultus,
406 1788 446 1822 et
476 1783 685 1834 incomptis
718 1782 875 1821 brevior
906 1794 1090 1822 mensura
1122 1782 1293 1834 capillis:

119 1850 186 1882 790
206 1842 377 1893 Plusque
397 1843 541 1893 vigoris
561 1841 671 1881 adest
689 1873 699 1894 ‚
725 1840 861 1880 habuit
881 1853 996 1892 quam
1017 1842 1161 1880 femina
1180 1872 1188 1880 .
1221 1852 1308 1880 nam
1331 1852 1429 1891 quae

207 1901 366 1940 Femina
397 1912 524 1953 nuper
557 1912 642 1939 eras
661 1932 672 1952 ‚
705 1912 804 1951 puer
836 1911 906 1938 es.
945 1900 1033 1938 date
1066 1911 1230 1938 munera
1251 1899 1429 1951 templis,

207 1959 287 1999 Nec
319 1959 452 1998 timida
483 1959 648 2010 gaudete
681 1957 785 1997 fide!
818 1958 911 1997 dant
941 1970 1104 1997 munera
1137 1957 1313 2010 templis,

208 2018 366 2057 Addunt
398 2023 437 2057 et
468 2018 651 2057 titulum:
684 2016 822 2056 titulus
854 2015 971 2055 breve
1005 2028 1162 2055 carmen
1194 2015 1361 2055 habebat

210 2074 332 2116 ‘Dona
364 2088 465 2128 puer
498 2076 614 2115 solvit
645 2087 744 2127 quae
777 2076 920 2114 femina
951 2080 1110 2114 voverat
1140 2071 1284 2126 Iphis'.

122 2143 186 2175 795
208 2135 369 2174 Postera
400 2135 465 2174 lux
497 2135 615 2174 radiis
647 2134 768 2173 latum
799 2134 1038 2185 patefecerat
1069 2132 1228 2186 orbem,
1285 2140 1311 2167 1.
1331 2142 1428 2168 cxliv.

209 2193 307 2233 Cum
339 2192 469 2233 Venus
501 2199 540 2233 et
571 2192 667 2232 Iuno
700 2193 907 2243 sociosque
940 2191 1187 2244 Hymenaeus
1220 2191 1266 2230 ad
1298 2192 1408 2244 ignes

210 2251 485 2305 Conveniunt,
516 2253 744 2304 potiturque
776 2262 846 2290 sua
878 2263 976 2302 puer
1008 2250 1112 2303 Iphis
1144 2249 1302 2291 Ianthe.

1081 2436 1149 2470 13*
