<?xml version="1.0" encoding="UTF-8"?>
<!DOCTYPE html PUBLIC "-//W3C//DTD XHTML 1.0 Transitional//EN"
    "http://www.w3.org/TR/xhtml1/DTD/xhtml1-transitional.dtd">
<html xmlns="http://www.w3.org/1999/xhtml" xml:lang="en" lang="en">
 <head>
  <title>
</title>
<meta http-equiv="Content-Type" content="text/html;charset=utf-8" />
  <meta name='ocr-system' content='tesseract 3.04.00' />
  <meta name='ocr-capabilities' content='ocr_page ocr_carea ocr_par ocr_line ocrx_word'/>
</head>
<body>
  <div class='ocr_page' id='page_1' title='image "./operaovid02oviduoft_0403.png"; bbox 0 0 1554 2563; ppageno 0'>
   <div class='ocr_carea' id='block_1_1' title="bbox 551 136 1438 182">
    <p class='ocr_par' dir='ltr' id='par_1_1' title="bbox 551 136 1438 182">
     <span class='ocr_line' id='line_1_1' title="bbox 551 136 1438 182; baseline 0.002 -10"><span class='ocrx_word' id='word_1_1' title='bbox 551 137 641 182; x_wconf 88' lang='lat' dir='ltr'>XV,</span> <span class='ocrx_word' id='word_1_2' title='bbox 669 141 875 173; x_wconf 79' lang='lat'>741-813.</span> <span class='ocrx_word' id='word_1_3' title='bbox 972 151 1053 173; x_wconf 84' lang='lat' dir='ltr'>mv.</span> <span class='ocrx_word' id='word_1_4' title='bbox 1079 150 1196 173; x_wconf 70' lang='lat' dir='ltr'>mnus</span> <span class='ocrx_word' id='word_1_5' title='bbox 1299 136 1382 178; x_wconf 80' lang='grc'>327</span> <span class='ocrx_word' id='word_1_6' title='bbox 1434 173 1438 177; x_wconf 75' lang='grc'><strong><em>,</em></strong></span> 
     </span>
    </p>
   </div>
   <div class='ocr_carea' id='block_1_2' title="bbox 78 243 1387 2404">
    <p class='ocr_par' dir='ltr' id='par_1_2' title="bbox 78 243 1383 475">
     <span class='ocr_line' id='line_1_2' title="bbox 166 243 1204 299; baseline -0.001 -11"><span class='ocrx_word' id='word_1_7' title='bbox 166 249 291 288; x_wconf 82' lang='lat' dir='ltr'>Caede</span> <span class='ocrx_word' id='word_1_8' title='bbox 323 248 538 288; x_wconf 89' lang='lat' dir='ltr'>sacerdotis</span> <span class='ocrx_word' id='word_1_9' title='bbox 570 248 744 287; x_wconf 86' lang='lat' dir='ltr'>flammas</span> <span class='ocrx_word' id='word_1_10' title='bbox 776 249 993 299; x_wconf 81' lang='lat' dir='ltr'>extinguite</span> <span class='ocrx_word' id='word_1_11' title='bbox 1025 246 1163 287; x_wconf 86' lang='lat' dir='ltr'>Vestae</span> <span class='ocrx_word' id='word_1_12' title='bbox 1177 243 1204 287; x_wconf 90' lang='lat'>.’</span> 
     </span>
     <span class='ocr_line' id='line_1_3' title="bbox 223 305 1155 358; baseline -0.001 -12"><span class='ocrx_word' id='word_1_13' title='bbox 223 307 327 346; x_wconf 88' lang='lat' dir='ltr'>Talia</span> <span class='ocrx_word' id='word_1_14' title='bbox 361 308 598 358; x_wconf 84' lang='lat' dir='ltr'>nequiquam</span> <span class='ocrx_word' id='word_1_15' title='bbox 630 312 712 346; x_wconf 89' lang='lat' dir='ltr'>toto</span> <span class='ocrx_word' id='word_1_16' title='bbox 744 305 875 345; x_wconf 91' lang='lat' dir='ltr'>Venus</span> <span class='ocrx_word' id='word_1_17' title='bbox 907 308 1018 345; x_wconf 83' lang='lat' dir='ltr'>anxia</span> <span class='ocrx_word' id='word_1_18' title='bbox 1050 306 1155 345; x_wconf 90' lang='lat' dir='ltr'>caelo</span> 
     </span>
     <span class='ocr_line' id='line_1_4' title="bbox 78 365 1224 418; baseline -0.002 -13"><span class='ocrx_word' id='word_1_19' title='bbox 78 375 144 406; x_wconf 82' lang='grc'>780</span> <span class='ocrx_word' id='word_1_20' title='bbox 166 365 289 405; x_wconf 84' lang='lat' dir='ltr'>Verba</span> <span class='ocrx_word' id='word_1_21' title='bbox 320 367 439 418; x_wconf 84' lang='lat' dir='ltr'>iacit3</span> <span class='ocrx_word' id='word_1_22' title='bbox 472 377 714 417; x_wconf 89' lang='lat' dir='ltr'>superosque</span> <span class='ocrx_word' id='word_1_23' title='bbox 747 371 904 404; x_wconf 90' lang='lat' dir='ltr'>movet.</span> <span class='ocrx_word' id='word_1_24' title='bbox 943 366 1009 416; x_wconf 92' lang='lat' dir='ltr'>qui</span> <span class='ocrx_word' id='word_1_25' title='bbox 1041 377 1224 417; x_wconf 85' lang='lat' dir='ltr'>rumpere</span> 
     </span>
     <span class='ocr_line' id='line_1_5' title="bbox 1151 435 1383 475; baseline 0 -13"><span class='ocrx_word' id='word_1_26' title='bbox 1151 435 1383 475; x_wconf 89' lang='lat' dir='ltr'>quamquam</span> 
     </span>
    </p>

    <p class='ocr_par' dir='ltr' id='par_1_3' title="bbox 165 482 1250 709">
     <span class='ocr_line' id='line_1_6' title="bbox 166 482 1250 534; baseline 0 -13"><span class='ocrx_word' id='word_1_27' title='bbox 166 483 308 522; x_wconf 82' lang='lat' dir='ltr'>Ferrea</span> <span class='ocrx_word' id='word_1_28' title='bbox 340 495 416 521; x_wconf 90' lang='lat' dir='ltr'>non</span> <span class='ocrx_word' id='word_1_29' title='bbox 449 489 614 534; x_wconf 89' lang='lat' dir='ltr'>possunt</span> <span class='ocrx_word' id='word_1_30' title='bbox 645 488 823 521; x_wconf 90' lang='lat' dir='ltr'>veterum</span> <span class='ocrx_word' id='word_1_31' title='bbox 855 482 1013 522; x_wconf 88' lang='lat' dir='ltr'>decreta</span> <span class='ocrx_word' id='word_1_32' title='bbox 1045 494 1250 534; x_wconf 87' lang='lat' dir='ltr'>sororum,</span> 
     </span>
     <span class='ocr_line' id='line_1_7' title="bbox 167 540 1220 593; baseline -0.001 -13"><span class='ocrx_word' id='word_1_33' title='bbox 167 541 282 593; x_wconf 89' lang='lat' dir='ltr'>Signa</span> <span class='ocrx_word' id='word_1_34' title='bbox 315 548 444 581; x_wconf 87' lang='lat' dir='ltr'>tamen</span> <span class='ocrx_word' id='word_1_35' title='bbox 476 541 605 580; x_wconf 91' lang='lat' dir='ltr'>luctus</span> <span class='ocrx_word' id='word_1_36' title='bbox 637 540 730 579; x_wconf 89' lang='lat' dir='ltr'>dant</span> <span class='ocrx_word' id='word_1_37' title='bbox 760 540 862 580; x_wconf 90' lang='lat' dir='ltr'>haud</span> <span class='ocrx_word' id='word_1_38' title='bbox 894 542 1043 580; x_wconf 89' lang='lat' dir='ltr'>incerta</span> <span class='ocrx_word' id='word_1_39' title='bbox 1075 541 1220 580; x_wconf 90' lang='lat' dir='ltr'>futuri.</span> 
     </span>
     <span class='ocr_line' id='line_1_8' title="bbox 166 599 1163 651; baseline 0 -13"><span class='ocrx_word' id='word_1_40' title='bbox 166 601 280 638; x_wconf 85' lang='lat' dir='ltr'>Arma</span> <span class='ocrx_word' id='word_1_41' title='bbox 314 600 446 638; x_wconf 90' lang='lat' dir='ltr'>ferunt</span> <span class='ocrx_word' id='word_1_42' title='bbox 476 601 580 638; x_wconf 87' lang='lat' dir='ltr'>inter</span> <span class='ocrx_word' id='word_1_43' title='bbox 612 601 742 651; x_wconf 85' lang='lat' dir='ltr'>nigras</span> <span class='ocrx_word' id='word_1_44' title='bbox 776 600 1006 650; x_wconf 80' lang='lat' dir='ltr'>crepitantia</span> <span class='ocrx_word' id='word_1_45' title='bbox 1038 599 1163 638; x_wconf 92' lang='lat' dir='ltr'>nubes</span> 
     </span>
     <span class='ocr_line' id='line_1_9' title="bbox 165 657 1162 709; baseline 0.001 -13"><span class='ocrx_word' id='word_1_46' title='bbox 165 658 457 709; x_wconf 86' lang='lat' dir='ltr'>Terribilesque</span> <span class='ocrx_word' id='word_1_47' title='bbox 489 657 603 697; x_wconf 90' lang='lat' dir='ltr'>tubas</span> <span class='ocrx_word' id='word_1_48' title='bbox 635 658 844 709; x_wconf 89' lang='lat' dir='ltr'>auditaque</span> <span class='ocrx_word' id='word_1_49' title='bbox 877 670 1024 697; x_wconf 90' lang='lat' dir='ltr'>cornua</span> <span class='ocrx_word' id='word_1_50' title='bbox 1056 657 1162 697; x_wconf 92' lang='lat' dir='ltr'>caelo</span> 
     </span>
    </p>

    <p class='ocr_par' dir='ltr' id='par_1_4' title="bbox 79 716 1268 1002">
     <span class='ocr_line' id='line_1_10' title="bbox 79 716 1268 768; baseline -0.001 -13"><span class='ocrx_word' id='word_1_51' title='bbox 79 725 145 756; x_wconf 78' lang='lat'>785</span> <span class='ocrx_word' id='word_1_52' title='bbox 167 717 466 756; x_wconf 82' lang='lat' dir='ltr'>Praeinonuisse</span> <span class='ocrx_word' id='word_1_53' title='bbox 498 717 607 755; x_wconf 89' lang='lat' dir='ltr'>nefas</span> <span class='ocrx_word' id='word_1_54' title='bbox 627 748 636 756; x_wconf 85' lang='lat'>.</span> <span class='ocrx_word' id='word_1_55' title='bbox 675 716 767 755; x_wconf 90' lang='lat' dir='ltr'>solis</span> <span class='ocrx_word' id='word_1_56' title='bbox 799 729 955 767; x_wconf 90' lang='lat' dir='ltr'>quoque</span> <span class='ocrx_word' id='word_1_57' title='bbox 988 718 1111 756; x_wconf 87' lang='lat' dir='ltr'>tristis</span> <span class='ocrx_word' id='word_1_58' title='bbox 1142 718 1268 768; x_wconf 84' lang='lat' dir='ltr'>imago</span> 
     </span>
     <span class='ocr_line' id='line_1_11' title="bbox 166 774 1107 827; baseline 0 -13"><span class='ocrx_word' id='word_1_59' title='bbox 166 775 309 814; x_wconf 92' lang='lat' dir='ltr'>Lurida</span> <span class='ocrx_word' id='word_1_60' title='bbox 342 775 517 814; x_wconf 80' lang='lat' dir='ltr'>sollicitis</span> <span class='ocrx_word' id='word_1_61' title='bbox 548 774 759 827; x_wconf 81' lang='lat' dir='ltr'>praebebat</span> <span class='ocrx_word' id='word_1_62' title='bbox 790 775 936 814; x_wconf 91' lang='lat' dir='ltr'>lumina</span> <span class='ocrx_word' id='word_1_63' title='bbox 968 777 1107 814; x_wconf 85' lang='lat' dir='ltr'>terris.</span> 
     </span>
     <span class='ocr_line' id='line_1_12' title="bbox 168 833 1176 885; baseline 0 -13"><span class='ocrx_word' id='word_1_64' title='bbox 168 834 291 885; x_wconf 89' lang='lat' dir='ltr'>Saepe</span> <span class='ocrx_word' id='word_1_65' title='bbox 323 834 427 872; x_wconf 92' lang='lat' dir='ltr'>faces</span> <span class='ocrx_word' id='word_1_66' title='bbox 457 835 561 872; x_wconf 86' lang='lat' dir='ltr'>visae</span> <span class='ocrx_word' id='word_1_67' title='bbox 594 834 731 873; x_wconf 89' lang='lat' dir='ltr'>mediis</span> <span class='ocrx_word' id='word_1_68' title='bbox 764 833 900 872; x_wconf 90' lang='lat' dir='ltr'>ardere</span> <span class='ocrx_word' id='word_1_69' title='bbox 933 833 1006 873; x_wconf 93' lang='lat' dir='ltr'>sub</span> <span class='ocrx_word' id='word_1_70' title='bbox 1037 835 1176 873; x_wconf 89' lang='lat' dir='ltr'>astris:</span> 
     </span>
     <span class='ocr_line' id='line_1_13' title="bbox 169 891 1232 943; baseline 0.001 -13"><span class='ocrx_word' id='word_1_71' title='bbox 169 892 292 943; x_wconf 87' lang='lat' dir='ltr'>Saepe</span> <span class='ocrx_word' id='word_1_72' title='bbox 325 893 428 931; x_wconf 89' lang='lat' dir='ltr'>inter</span> <span class='ocrx_word' id='word_1_73' title='bbox 460 891 614 931; x_wconf 89' lang='lat' dir='ltr'>nimbos</span> <span class='ocrx_word' id='word_1_74' title='bbox 646 897 777 943; x_wconf 85' lang='lat' dir='ltr'>guttae</span> <span class='ocrx_word' id='word_1_75' title='bbox 811 892 989 931; x_wconf 88' lang='lat' dir='ltr'>cecidere</span> <span class='ocrx_word' id='word_1_76' title='bbox 1022 897 1232 932; x_wconf 86' lang='lat' dir='ltr'>cruentae:</span> 
     </span>
     <span class='ocr_line' id='line_1_14' title="bbox 167 949 1142 1002; baseline 0 -13"><span class='ocrx_word' id='word_1_77' title='bbox 167 950 355 990; x_wconf 85' lang='lat' dir='ltr'>Caerulus</span> <span class='ocrx_word' id='word_1_78' title='bbox 388 957 426 989; x_wconf 92' lang='lat' dir='ltr'>et</span> <span class='ocrx_word' id='word_1_79' title='bbox 456 950 606 990; x_wconf 89' lang='lat' dir='ltr'>vultum</span> <span class='ocrx_word' id='word_1_80' title='bbox 637 951 837 1002; x_wconf 82' lang='lat' dir='ltr'>ferrugine</span> <span class='ocrx_word' id='word_1_81' title='bbox 870 949 1027 990; x_wconf 84' lang='lat' dir='ltr'>Lucifer</span> <span class='ocrx_word' id='word_1_82' title='bbox 1059 956 1142 990; x_wconf 88' lang='lat' dir='ltr'>atra</span> 
     </span>
    </p>

    <p class='ocr_par' dir='ltr' id='par_1_5' title="bbox 80 1008 1262 1224">
     <span class='ocr_line' id='line_1_15' title="bbox 80 1008 1262 1061; baseline 0 -13"><span class='ocrx_word' id='word_1_83' title='bbox 80 1017 146 1048; x_wconf 79' lang='lat'>790</span> <span class='ocrx_word' id='word_1_84' title='bbox 168 1009 335 1061; x_wconf 88' lang='lat' dir='ltr'>Sparsus</span> <span class='ocrx_word' id='word_1_85' title='bbox 368 1015 480 1061; x_wconf 89' lang='lat' dir='ltr'>erat,</span> <span class='ocrx_word' id='word_1_86' title='bbox 512 1010 635 1060; x_wconf 83' lang='lat' dir='ltr'>sparsi</span> <span class='ocrx_word' id='word_1_87' title='bbox 668 1008 844 1048; x_wconf 87' lang='lat' dir='ltr'>Lunares</span> <span class='ocrx_word' id='word_1_88' title='bbox 876 1011 1064 1060; x_wconf 85' lang='lat' dir='ltr'>sanguine</span> <span class='ocrx_word' id='word_1_89' title='bbox 1096 1021 1262 1049; x_wconf 76' lang='lat' dir='ltr'>currusz</span> 
     </span>
     <span class='ocr_line' id='line_1_16' title="bbox 167 1065 1223 1119; baseline 0 -13"><span class='ocrx_word' id='word_1_90' title='bbox 167 1068 309 1106; x_wconf 86' lang='lat' dir='ltr'>Tristia</span> <span class='ocrx_word' id='word_1_91' title='bbox 343 1067 446 1106; x_wconf 88' lang='lat' dir='ltr'>mille</span> <span class='ocrx_word' id='word_1_92' title='bbox 478 1067 574 1106; x_wconf 92' lang='lat' dir='ltr'>locis</span> <span class='ocrx_word' id='word_1_93' title='bbox 608 1067 765 1119; x_wconf 83' lang='lat' dir='ltr'>Stygius</span> <span class='ocrx_word' id='word_1_94' title='bbox 796 1067 905 1106; x_wconf 89' lang='lat' dir='ltr'>dedit</span> <span class='ocrx_word' id='word_1_95' title='bbox 936 1069 1064 1106; x_wconf 88' lang='lat' dir='ltr'>omina</span> <span class='ocrx_word' id='word_1_96' title='bbox 1096 1065 1223 1107; x_wconf 82' lang='lat' dir='ltr'>bubo:</span> 
     </span>
     <span class='ocr_line' id='line_1_17' title="bbox 167 1125 1259 1178; baseline 0 -14"><span class='ocrx_word' id='word_1_97' title='bbox 167 1126 268 1164; x_wconf 87' lang='lat' dir='ltr'>Mille</span> <span class='ocrx_word' id='word_1_98' title='bbox 302 1126 396 1164; x_wconf 88' lang='lat' dir='ltr'>locis</span> <span class='ocrx_word' id='word_1_99' title='bbox 428 1125 642 1165; x_wconf 88' lang='lat' dir='ltr'>lacrimavit</span> <span class='ocrx_word' id='word_1_100' title='bbox 673 1126 801 1178; x_wconf 84' lang='lat' dir='ltr'>ebur,</span> <span class='ocrx_word' id='word_1_101' title='bbox 833 1132 1049 1176; x_wconf 88' lang='lat' dir='ltr'>cantusque</span> <span class='ocrx_word' id='word_1_102' title='bbox 1076 1126 1259 1165; x_wconf 88' lang='lat' dir='ltr'>feruntur</span> 
     </span>
     <span class='ocr_line' id='line_1_18' title="bbox 169 1183 1064 1224; baseline 0 -1"><span class='ocrx_word' id='word_1_103' title='bbox 169 1184 300 1223; x_wconf 83' lang='lat' dir='ltr'>Auditi</span> <span class='ocrx_word' id='word_1_104' title='bbox 331 1186 476 1223; x_wconf 90' lang='lat' dir='ltr'>sanctis</span> <span class='ocrx_word' id='word_1_105' title='bbox 508 1190 547 1223; x_wconf 91' lang='lat' dir='ltr'>et</span> <span class='ocrx_word' id='word_1_106' title='bbox 577 1183 694 1224; x_wconf 90' lang='lat' dir='ltr'>verba</span> <span class='ocrx_word' id='word_1_107' title='bbox 725 1186 912 1223; x_wconf 86' lang='lat' dir='ltr'>minantia</span> <span class='ocrx_word' id='word_1_108' title='bbox 942 1184 1064 1223; x_wconf 90' lang='lat' dir='ltr'>lucis.</span> 
     </span>
    </p>

    <p class='ocr_par' dir='ltr' id='par_1_6' title="bbox 81 1242 1346 1527">
     <span class='ocr_line' id='line_1_19' title="bbox 168 1242 1283 1295; baseline 0.001 -14"><span class='ocrx_word' id='word_1_109' title='bbox 168 1242 329 1281; x_wconf 78' lang='lat' dir='ltr'>Victima</span> <span class='ocrx_word' id='word_1_110' title='bbox 360 1242 466 1281; x_wconf 90' lang='lat' dir='ltr'>nulla</span> <span class='ocrx_word' id='word_1_111' title='bbox 497 1242 610 1295; x_wconf 86' lang='lat' dir='ltr'>litat,</span> <span class='ocrx_word' id='word_1_112' title='bbox 641 1255 880 1293; x_wconf 86' lang='lat' dir='ltr'>magnosque</span> <span class='ocrx_word' id='word_1_113' title='bbox 912 1244 1059 1281; x_wconf 89' lang='lat' dir='ltr'>instare</span> <span class='ocrx_word' id='word_1_114' title='bbox 1091 1242 1283 1282; x_wconf 82' lang='lat' dir='ltr'>tumultus</span> 
     </span>
     <span class='ocr_line' id='line_1_20' title="bbox 81 1300 1346 1353; baseline 0.001 -14"><span class='ocrx_word' id='word_1_115' title='bbox 81 1310 147 1340; x_wconf 80' lang='lat'>795</span> <span class='ocrx_word' id='word_1_116' title='bbox 168 1300 282 1339; x_wconf 87' lang='lat' dir='ltr'>Fibra</span> <span class='ocrx_word' id='word_1_117' title='bbox 315 1308 447 1339; x_wconf 84' lang='lat' dir='ltr'>monet</span> <span class='ocrx_word' id='word_1_118' title='bbox 464 1333 475 1353; x_wconf 90' lang='lat'><em>,</em></span> <span class='ocrx_word' id='word_1_119' title='bbox 508 1313 743 1352; x_wconf 90' lang='lat' dir='ltr'>caesumque</span> <span class='ocrx_word' id='word_1_120' title='bbox 776 1307 892 1352; x_wconf 87' lang='lat' dir='ltr'>caput</span> <span class='ocrx_word' id='word_1_121' title='bbox 923 1303 1121 1352; x_wconf 88' lang='lat' dir='ltr'>reperitur</span> <span class='ocrx_word' id='word_1_122' title='bbox 1151 1303 1192 1340; x_wconf 91' lang='lat' dir='ltr'>in</span> <span class='ocrx_word' id='word_1_123' title='bbox 1225 1303 1346 1341; x_wconf 84' lang='lat' dir='ltr'>extis.</span> 
     </span>
     <span class='ocr_line' id='line_1_21' title="bbox 168 1359 1277 1411; baseline 0.001 -13"><span class='ocrx_word' id='word_1_124' title='bbox 168 1359 288 1410; x_wconf 89' lang='lat' dir='ltr'>Inque</span> <span class='ocrx_word' id='word_1_125' title='bbox 322 1359 406 1398; x_wconf 89' lang='lat' dir='ltr'>foro</span> <span class='ocrx_word' id='word_1_126' title='bbox 440 1360 668 1410; x_wconf 89' lang='lat' dir='ltr'>circumque</span> <span class='ocrx_word' id='word_1_127' title='bbox 701 1359 836 1398; x_wconf 91' lang='lat' dir='ltr'>domos</span> <span class='ocrx_word' id='word_1_128' title='bbox 869 1366 908 1398; x_wconf 90' lang='lat' dir='ltr'>et</span> <span class='ocrx_word' id='word_1_129' title='bbox 938 1360 1081 1411; x_wconf 88' lang='lat' dir='ltr'>templa</span> <span class='ocrx_word' id='word_1_130' title='bbox 1113 1359 1277 1399; x_wconf 91' lang='lat' dir='ltr'>deorum</span> 
     </span>
     <span class='ocr_line' id='line_1_22' title="bbox 167 1417 1229 1468; baseline 0.001 -13"><span class='ocrx_word' id='word_1_131' title='bbox 167 1417 390 1456; x_wconf 88' lang='lat' dir='ltr'>Nocturnos</span> <span class='ocrx_word' id='word_1_132' title='bbox 421 1417 592 1456; x_wconf 90' lang='lat' dir='ltr'>ululasse</span> <span class='ocrx_word' id='word_1_133' title='bbox 626 1430 742 1456; x_wconf 88' lang='lat' dir='ltr'>canes</span> <span class='ocrx_word' id='word_1_134' title='bbox 773 1417 1011 1468; x_wconf 89' lang='lat' dir='ltr'>umbrasque</span> <span class='ocrx_word' id='word_1_135' title='bbox 1045 1418 1229 1457; x_wconf 87' lang='lat' dir='ltr'>silentum</span> 
     </span>
     <span class='ocr_line' id='line_1_23' title="bbox 167 1475 1277 1527; baseline 0.002 -13"><span class='ocrx_word' id='word_1_136' title='bbox 167 1475 368 1514; x_wconf 81' lang='lat' dir='ltr'>Erravisse</span> <span class='ocrx_word' id='word_1_137' title='bbox 400 1475 561 1527; x_wconf 85' lang='lat' dir='ltr'>ferunt,</span> <span class='ocrx_word' id='word_1_138' title='bbox 592 1482 814 1526; x_wconf 84' lang='lat' dir='ltr'>motamque</span> <span class='ocrx_word' id='word_1_139' title='bbox 846 1475 1084 1515; x_wconf 88' lang='lat' dir='ltr'>tremoribus</span> <span class='ocrx_word' id='word_1_140' title='bbox 1115 1476 1277 1516; x_wconf 85' lang='lat' dir='ltr'>urbem.</span> 
     </span>
    </p>

    <p class='ocr_par' dir='ltr' id='par_1_7' title="bbox 168 1534 1179 1585">
     <span class='ocr_line' id='line_1_24' title="bbox 168 1534 1179 1585; baseline 0.001 -13"><span class='ocrx_word' id='word_1_141' title='bbox 168 1534 253 1572; x_wconf 87' lang='lat' dir='ltr'>Non</span> <span class='ocrx_word' id='word_1_142' title='bbox 286 1540 414 1572; x_wconf 87' lang='lat' dir='ltr'>tamen</span> <span class='ocrx_word' id='word_1_143' title='bbox 446 1534 607 1573; x_wconf 87' lang='lat' dir='ltr'>insidias</span> <span class='ocrx_word' id='word_1_144' title='bbox 638 1540 881 1585; x_wconf 88' lang='lat' dir='ltr'>venturaque</span> <span class='ocrx_word' id='word_1_145' title='bbox 913 1536 1069 1573; x_wconf 88' lang='lat' dir='ltr'>vincere</span> <span class='ocrx_word' id='word_1_146' title='bbox 1102 1535 1179 1574; x_wconf 88' lang='lat' dir='ltr'>fata</span> 
     </span>
    </p>

    <p class='ocr_par' dir='ltr' id='par_1_8' title="bbox 81 1592 1387 1879">
     <span class='ocr_line' id='line_1_25' title="bbox 81 1592 1272 1643; baseline 0.001 -11"><span class='ocrx_word' id='word_1_147' title='bbox 81 1601 148 1632; x_wconf 79' lang='lat'>800</span> <span class='ocrx_word' id='word_1_148' title='bbox 169 1593 440 1631; x_wconf 84' lang='lat' dir='ltr'>Praemonitus</span> <span class='ocrx_word' id='word_1_149' title='bbox 471 1599 636 1643; x_wconf 88' lang='lat' dir='ltr'>potuere</span> <span class='ocrx_word' id='word_1_150' title='bbox 669 1592 815 1632; x_wconf 87' lang='lat' dir='ltr'>deum:</span> <span class='ocrx_word' id='word_1_151' title='bbox 847 1594 1052 1643; x_wconf 86' lang='lat' dir='ltr'>strictique</span> <span class='ocrx_word' id='word_1_152' title='bbox 1086 1594 1272 1633; x_wconf 87' lang='lat' dir='ltr'>feruntur</span> 
     </span>
     <span class='ocr_line' id='line_1_26' title="bbox 169 1650 1387 1703; baseline 0.003 -15"><span class='ocrx_word' id='word_1_153' title='bbox 169 1651 212 1689; x_wconf 88' lang='lat' dir='ltr'>ln</span> <span class='ocrx_word' id='word_1_154' title='bbox 245 1650 433 1702; x_wconf 89' lang='lat' dir='ltr'>templum</span> <span class='ocrx_word' id='word_1_155' title='bbox 465 1650 610 1703; x_wconf 82' lang='lat' dir='ltr'>gladii3</span> <span class='ocrx_word' id='word_1_156' title='bbox 641 1663 769 1702; x_wconf 92' lang='lat' dir='ltr'>neque</span> <span class='ocrx_word' id='word_1_157' title='bbox 802 1652 906 1690; x_wconf 92' lang='lat' dir='ltr'>enim</span> <span class='ocrx_word' id='word_1_158' title='bbox 937 1651 1046 1690; x_wconf 90' lang='lat' dir='ltr'>locus</span> <span class='ocrx_word' id='word_1_159' title='bbox 1085 1651 1187 1691; x_wconf 90' lang='lat' dir='ltr'>ullus</span> <span class='ocrx_word' id='word_1_160' title='bbox 1218 1654 1259 1691; x_wconf 92' lang='lat' dir='ltr'>in</span> <span class='ocrx_word' id='word_1_161' title='bbox 1285 1652 1387 1692; x_wconf 87' lang='lat' dir='ltr'>Urbe</span> 
     </span>
     <span class='ocr_line' id='line_1_27' title="bbox 168 1709 1318 1763; baseline 0.003 -16"><span class='ocrx_word' id='word_1_162' title='bbox 168 1709 224 1747; x_wconf 83' lang='lat' dir='ltr'>Ad</span> <span class='ocrx_word' id='word_1_163' title='bbox 258 1710 407 1747; x_wconf 83' lang='lat' dir='ltr'>facinus</span> <span class='ocrx_word' id='word_1_164' title='bbox 439 1709 640 1760; x_wconf 89' lang='lat' dir='ltr'>diramque</span> <span class='ocrx_word' id='word_1_165' title='bbox 672 1709 827 1761; x_wconf 83' lang='lat' dir='ltr'>placet,</span> <span class='ocrx_word' id='word_1_166' title='bbox 858 1711 935 1748; x_wconf 90' lang='lat' dir='ltr'>nisi</span> <span class='ocrx_word' id='word_1_167' title='bbox 967 1711 1104 1763; x_wconf 85' lang='lat' dir='ltr'>curia,</span> <span class='ocrx_word' id='word_1_168' title='bbox 1137 1710 1318 1750; x_wconf 90' lang='lat' dir='ltr'>caedem.</span> 
     </span>
     <span class='ocr_line' id='line_1_28' title="bbox 169 1766 1183 1819; baseline 0.002 -13"><span class='ocrx_word' id='word_1_169' title='bbox 169 1767 268 1806; x_wconf 88' lang='lat' dir='ltr'>Tum</span> <span class='ocrx_word' id='word_1_170' title='bbox 301 1780 391 1806; x_wconf 90' lang='lat' dir='ltr'>vero</span> <span class='ocrx_word' id='word_1_171' title='bbox 425 1766 615 1818; x_wconf 85' lang='lat' dir='ltr'>Cytherea</span> <span class='ocrx_word' id='word_1_172' title='bbox 647 1780 764 1806; x_wconf 88' lang='lat' dir='ltr'>manu</span> <span class='ocrx_word' id='word_1_173' title='bbox 790 1770 987 1819; x_wconf 89' lang='lat' dir='ltr'>percussit</span> <span class='ocrx_word' id='word_1_174' title='bbox 1017 1776 1183 1819; x_wconf 86' lang='lat' dir='ltr'>utraque</span> 
     </span>
     <span class='ocr_line' id='line_1_29' title="bbox 168 1826 1195 1879; baseline 0.002 -15"><span class='ocrx_word' id='word_1_175' title='bbox 168 1826 311 1864; x_wconf 89' lang='lat' dir='ltr'>Pectus</span> <span class='ocrx_word' id='word_1_176' title='bbox 331 1858 341 1877; x_wconf 90' lang='lat'><strong><em>,</em></strong></span> <span class='ocrx_word' id='word_1_177' title='bbox 367 1832 406 1864; x_wconf 91' lang='lat' dir='ltr'>et</span> <span class='ocrx_word' id='word_1_178' title='bbox 436 1826 643 1864; x_wconf 89' lang='lat' dir='ltr'>Aeneaden</span> <span class='ocrx_word' id='word_1_179' title='bbox 675 1826 834 1865; x_wconf 83' lang='lat' dir='ltr'>molitur</span> <span class='ocrx_word' id='word_1_180' title='bbox 865 1826 1034 1866; x_wconf 87' lang='lat' dir='ltr'>condere</span> <span class='ocrx_word' id='word_1_181' title='bbox 1067 1827 1195 1879; x_wconf 85' lang='lat' dir='ltr'>nube,</span> 
     </span>
    </p>

    <p class='ocr_par' dir='ltr' id='par_1_9' title="bbox 82 1884 1271 2158">
     <span class='ocr_line' id='line_1_30' title="bbox 82 1884 1206 1938; baseline 0.002 -16"><span class='ocrx_word' id='word_1_182' title='bbox 82 1892 148 1922; x_wconf 72' lang='lat'>805</span> <span class='ocrx_word' id='word_1_183' title='bbox 171 1884 253 1929; x_wconf 87' lang='lat' dir='ltr'>Qua</span> <span class='ocrx_word' id='word_1_184' title='bbox 284 1886 393 1935; x_wconf 87' lang='lat' dir='ltr'>prius</span> <span class='ocrx_word' id='word_1_185' title='bbox 425 1885 567 1923; x_wconf 87' lang='lat' dir='ltr'>infesto</span> <span class='ocrx_word' id='word_1_186' title='bbox 599 1884 709 1923; x_wconf 90' lang='lat' dir='ltr'>Paris</span> <span class='ocrx_word' id='word_1_187' title='bbox 742 1890 802 1924; x_wconf 92' lang='lat' dir='ltr'>est</span> <span class='ocrx_word' id='word_1_188' title='bbox 833 1891 993 1936; x_wconf 84' lang='lat' dir='ltr'>ereptus</span> <span class='ocrx_word' id='word_1_189' title='bbox 1025 1885 1206 1938; x_wconf 83' lang='lat' dir='ltr'>Atridae,</span> 
     </span>
     <span class='ocr_line' id='line_1_31' title="bbox 168 1942 1012 1994; baseline 0.002 -14"><span class='ocrx_word' id='word_1_190' title='bbox 168 1942 218 1981; x_wconf 86' lang='lat' dir='ltr'>Et</span> <span class='ocrx_word' id='word_1_191' title='bbox 248 1942 479 1982; x_wconf 90' lang='lat' dir='ltr'>Diomedeos</span> <span class='ocrx_word' id='word_1_192' title='bbox 510 1943 660 1982; x_wconf 88' lang='lat' dir='ltr'>Aeneas</span> <span class='ocrx_word' id='word_1_193' title='bbox 692 1943 845 1994; x_wconf 82' lang='lat' dir='ltr'>fugerat</span> <span class='ocrx_word' id='word_1_194' title='bbox 876 1955 1012 1982; x_wconf 89' lang='lat' dir='ltr'>enses.</span> 
     </span>
     <span class='ocr_line' id='line_1_32' title="bbox 169 1999 1270 2055; baseline 0.003 -17"><span class='ocrx_word' id='word_1_195' title='bbox 169 2000 326 2039; x_wconf 88' lang='lat' dir='ltr'>Talibus</span> <span class='ocrx_word' id='word_1_196' title='bbox 358 2001 456 2040; x_wconf 90' lang='lat' dir='ltr'>hanc</span> <span class='ocrx_word' id='word_1_197' title='bbox 488 2003 670 2052; x_wconf 83' lang='lat' dir='ltr'>genitor:</span> <span class='ocrx_word' id='word_1_198' title='bbox 703 1999 798 2040; x_wconf 78' lang='lat' dir='ltr'>‘sola</span> <span class='ocrx_word' id='word_1_199' title='bbox 830 2001 1093 2053; x_wconf 87' lang='lat' dir='ltr'>insuperabile</span> <span class='ocrx_word' id='word_1_200' title='bbox 1124 2003 1270 2055; x_wconf 85' lang='lat' dir='ltr'>fatum,</span> 
     </span>
     <span class='ocr_line' id='line_1_33' title="bbox 167 2057 1271 2112; baseline 0.003 -15"><span class='ocrx_word' id='word_1_201' title='bbox 167 2058 262 2097; x_wconf 88' lang='lat' dir='ltr'>Nata</span> <span class='ocrx_word' id='word_1_202' title='bbox 281 2091 292 2111; x_wconf 85' lang='lat'>,</span> <span class='ocrx_word' id='word_1_203' title='bbox 323 2071 480 2098; x_wconf 88' lang='lat' dir='ltr'>movere</span> <span class='ocrx_word' id='word_1_204' title='bbox 512 2070 625 2110; x_wconf 89' lang='lat' dir='ltr'>paras</span> <span class='ocrx_word' id='word_1_205' title='bbox 644 2057 666 2098; x_wconf 62' lang='lat' dir='ltr'>‘r‘</span> <span class='ocrx_word' id='word_1_206' title='bbox 696 2061 820 2098; x_wconf 90' lang='lat' dir='ltr'>intres</span> <span class='ocrx_word' id='word_1_207' title='bbox 851 2059 944 2099; x_wconf 92' lang='lat' dir='ltr'>licet</span> <span class='ocrx_word' id='word_1_208' title='bbox 974 2062 1058 2112; x_wconf 87' lang='lat' dir='ltr'>ipsa</span> <span class='ocrx_word' id='word_1_209' title='bbox 1090 2072 1271 2100; x_wconf 87' lang='lat' dir='ltr'>sororum</span> 
     </span>
     <span class='ocr_line' id='line_1_34' title="bbox 167 2116 1118 2158; baseline 0.003 -3"><span class='ocrx_word' id='word_1_210' title='bbox 167 2117 286 2156; x_wconf 90' lang='lat' dir='ltr'>Tecta</span> <span class='ocrx_word' id='word_1_211' title='bbox 317 2116 466 2156; x_wconf 84' lang='lat' dir='ltr'>trium!</span> <span class='ocrx_word' id='word_1_212' title='bbox 499 2129 637 2157; x_wconf 88' lang='lat' dir='ltr'>cernes</span> <span class='ocrx_word' id='word_1_213' title='bbox 668 2117 747 2156; x_wconf 91' lang='lat' dir='ltr'>illic</span> <span class='ocrx_word' id='word_1_214' title='bbox 779 2118 977 2157; x_wconf 87' lang='lat' dir='ltr'>molimine</span> <span class='ocrx_word' id='word_1_215' title='bbox 1009 2124 1118 2158; x_wconf 91' lang='lat' dir='ltr'>vasto</span> 
     </span>
    </p>

    <p class='ocr_par' dir='ltr' id='par_1_10' title="bbox 80 2174 1321 2404">
     <span class='ocr_line' id='line_1_35' title="bbox 80 2174 1118 2229; baseline 0.003 -16"><span class='ocrx_word' id='word_1_216' title='bbox 80 2182 148 2214; x_wconf 83' lang='lat'>810</span> <span class='ocrx_word' id='word_1_217' title='bbox 167 2174 223 2214; x_wconf 85' lang='lat' dir='ltr'>Ex</span> <span class='ocrx_word' id='word_1_218' title='bbox 256 2187 345 2214; x_wconf 90' lang='lat' dir='ltr'>aere</span> <span class='ocrx_word' id='word_1_219' title='bbox 378 2181 417 2214; x_wconf 86' lang='lat' dir='ltr'>et</span> <span class='ocrx_word' id='word_1_220' title='bbox 448 2175 570 2214; x_wconf 89' lang='lat' dir='ltr'>solido</span> <span class='ocrx_word' id='word_1_221' title='bbox 603 2188 736 2215; x_wconf 88' lang='lat' dir='ltr'>rerum</span> <span class='ocrx_word' id='word_1_222' title='bbox 768 2176 957 2215; x_wconf 89' lang='lat' dir='ltr'>tabularia</span> <span class='ocrx_word' id='word_1_223' title='bbox 988 2177 1118 2229; x_wconf 83' lang='lat' dir='ltr'>ferro,</span> 
     </span>
     <span class='ocr_line' id='line_1_36' title="bbox 167 2232 1321 2286; baseline 0.003 -14"><span class='ocrx_word' id='word_1_224' title='bbox 167 2232 273 2278; x_wconf 90' lang='lat' dir='ltr'>Quae</span> <span class='ocrx_word' id='word_1_225' title='bbox 306 2246 433 2285; x_wconf 89' lang='lat' dir='ltr'>neque</span> <span class='ocrx_word' id='word_1_226' title='bbox 465 2246 701 2274; x_wconf 88' lang='lat' dir='ltr'>concussum</span> <span class='ocrx_word' id='word_1_227' title='bbox 733 2235 828 2273; x_wconf 89' lang='lat' dir='ltr'>caeli</span> <span class='ocrx_word' id='word_1_228' title='bbox 859 2247 987 2286; x_wconf 88' lang='lat' dir='ltr'>neque</span> <span class='ocrx_word' id='word_1_229' title='bbox 1019 2235 1192 2274; x_wconf 80' lang='lat' dir='ltr'>fulminis</span> <span class='ocrx_word' id='word_1_230' title='bbox 1224 2238 1321 2276; x_wconf 89' lang='lat' dir='ltr'>iram</span> 
     </span>
     <span class='ocr_line' id='line_1_37' title="bbox 167 2290 1228 2344; baseline 0.004 -15"><span class='ocrx_word' id='word_1_231' title='bbox 167 2290 247 2329; x_wconf 88' lang='lat' dir='ltr'>Nec</span> <span class='ocrx_word' id='word_1_232' title='bbox 278 2297 460 2331; x_wconf 90' lang='lat' dir='ltr'>metuunt</span> <span class='ocrx_word' id='word_1_233' title='bbox 489 2292 587 2331; x_wconf 89' lang='lat' dir='ltr'>ullas</span> <span class='ocrx_word' id='word_1_234' title='bbox 618 2298 701 2332; x_wconf 90' lang='lat' dir='ltr'>tuta</span> <span class='ocrx_word' id='word_1_235' title='bbox 733 2299 850 2344; x_wconf 89' lang='lat' dir='ltr'>atque</span> <span class='ocrx_word' id='word_1_236' title='bbox 881 2299 1040 2333; x_wconf 90' lang='lat' dir='ltr'>aeterna</span> <span class='ocrx_word' id='word_1_237' title='bbox 1071 2296 1228 2333; x_wconf 88' lang='lat' dir='ltr'>ruinas.</span> 
     </span>
     <span class='ocr_line' id='line_1_38' title="bbox 166 2348 1037 2404; baseline 0.005 -17"><span class='ocrx_word' id='word_1_238' title='bbox 166 2348 343 2388; x_wconf 84' lang='lat' dir='ltr'>Invenies</span> <span class='ocrx_word' id='word_1_239' title='bbox 375 2350 453 2389; x_wconf 91' lang='lat' dir='ltr'>illic</span> <span class='ocrx_word' id='word_1_240' title='bbox 485 2352 606 2389; x_wconf 89' lang='lat' dir='ltr'>incisa</span> <span class='ocrx_word' id='word_1_241' title='bbox 639 2351 839 2390; x_wconf 84' lang='lat' dir='ltr'>adamante</span> <span class='ocrx_word' id='word_1_242' title='bbox 871 2353 1037 2404; x_wconf 89' lang='lat' dir='ltr'>perenni</span> 
     </span>
    </p>
   </div>
  </div>
 </body>
</html>
