1554 2563
142 119 195 160 76
288 131 601 154 ummmxom'rcs
689 117 903 153 METAMM
918 142 927 153 .

169 236 236 268 355
258 229 375 279 Signa
406 233 511 279 tegat
543 227 648 266 claro
677 227 738 267 vel
770 227 931 266 candida
964 226 1040 265 lilia
1071 228 1196 267 vitro.

257 285 460 326 “Vicimus
491 292 530 325 et
560 299 671 326 meus
703 292 763 325 est
782 283 822 325 !''
855 286 1044 325 exclamat
1074 287 1158 324 nais
1177 317 1187 337 ,
1219 290 1258 325 et
1288 287 1395 325 omni

258 345 373 384 Veste
405 345 543 397 procul
574 347 673 384 iacta
705 345 843 383 mediis
874 346 1085 382 inmittitur
1117 344 1255 396 undis,

256 404 579 455 Pugnantemque
611 409 748 457 tenet,
779 404 1043 453 luctantiaque
1076 403 1206 441 oscula
1238 404 1387 456 carpit,

258 462 538 513 Subiectatque
570 474 737 514 manus,
768 463 966 512 invitaque
998 467 1155 511 pectora
1188 463 1334 513 tangit,

169 529 236 560 360
256 521 305 560 Et
336 533 441 560 nunc
473 521 545 559 hac
576 522 736 573 iuveni,
768 533 872 559 nunc
905 519 1233 558 circumfunditur
1266 520 1374 559 illac.

257 579 434 630 Denique
466 581 656 618 nitentem
689 585 825 618 contra
858 578 1035 628 elabique
1066 578 1260 616 volentem

257 638 421 689 Inplicat
438 670 449 691 ,
480 643 525 677 ut
556 650 719 689 serpens
737 669 749 689 ,
781 649 897 688 quam
929 638 1035 687 regia
1067 638 1235 674 sustinet
1267 636 1346 674 ales

261 696 554 748 Sublimemque
581 698 711 748 rapit3
748 696 923 747 pendens
956 700 1072 745 caput
1103 695 1166 732 illa
1198 694 1398 746 pedesque

260 755 400 806 Alligat
430 762 470 794 et
501 755 622 794 cauda
655 757 867 806 spatiantes
898 753 1058 804 inplicat
1089 753 1190 792 alas:

170 822 237 854 365
257 813 355 853 Utve
387 814 514 853 solent
543 813 711 852 hederae
744 813 880 863 longos
911 814 1087 850 intexere
1120 817 1305 851 truncos:

257 872 385 923 thue
418 872 490 911 sub
523 871 759 923 aequoribus
791 871 1029 922 deprensum
1061 870 1226 921 polypus
1258 870 1411 909 hostem

260 930 446 970 Continet
477 943 523 970 ex
556 932 660 968 omni
692 930 863 968 dimissis
895 935 1006 980 parte
1038 928 1222 979 flagellis.

258 990 414 1029 Perstat
444 989 682 1028 Atlantiades
701 1020 712 1041 ,
744 994 976 1040 sperataque
1007 987 1145 1038 gaudia
1179 987 1370 1038 nymphae

262 1048 463 1099 Denegat.
501 1048 564 1086 illa
596 1049 768 1099 premit,
800 1048 1084 1097 commissaque
1118 1058 1283 1096 corpore
1318 1051 1399 1084 toto

175 1115 243 1147 370
266 1107 377 1145 Sicut
406 1105 662 1157 inhaerebat,
695 1102 878 1157 “pugnes
909 1105 1028 1156 licet,
1060 1104 1237 1155 improbe
1256 1101 1282 1156 ,'
1315 1104 1412 1143 dixit

261 1162 361 1203 ‘Non
393 1170 523 1203 tamen
555 1166 716 1215 effugies
737 1195 745 1203 .
784 1165 835 1202 ita
868 1163 905 1201 di
938 1162 1103 1201 iubeatis
1122 1194 1133 1215 ,
1166 1170 1204 1201 et
1236 1164 1355 1201 istum

258 1223 370 1262 Nulla
402 1223 485 1262 dies
516 1236 537 1262 a
569 1235 631 1261 me
663 1235 735 1261 nec
767 1234 828 1260 me
861 1221 1018 1260 diducat
1049 1221 1095 1259 ab
1128 1222 1203 1259 isto
1218 1218 1260 1260 ,³⁹
1365 1229 1392 1256 f.
1413 1229 1482 1257 xiv.

261 1281 357 1320 Vota
390 1294 482 1320 suos
513 1281 685 1320 habuere
718 1280 811 1319 deos
831 1311 840 1319 .
879 1292 967 1318 nam
1000 1281 1116 1317 mixta
1149 1279 1319 1318 duorum

262 1340 435 1392 Corpora
466 1342 713 1392 iunguntur,
739 1340 935 1389 faciesque
968 1338 1168 1376 inducitur
1200 1338 1275 1376 illis

171 1406 238 1438 375
260 1399 343 1438 Una
362 1430 371 1438 .
408 1398 515 1437 velut
546 1400 669 1449 siquis
702 1397 895 1436 conducat
926 1399 1072 1435 cortice
1092 1428 1103 1448 ,
1134 1409 1263 1434 ramos

261 1456 484 1496 Crescendo
515 1458 623 1507 iungi
655 1458 881 1507 pariterque
914 1455 1136 1494 adolescere
1170 1456 1319 1507 cernit,

261 1515 325 1554 Sic
351 1515 418 1555 ubi
451 1515 656 1566 complexu
688 1517 868 1553 coierunt
899 1513 1072 1552 membra
1104 1515 1254 1565 tenaci,

258 1574 340 1613 Nec
371 1574 448 1613 duo
481 1579 573 1612 sunt
598 1579 637 1613 et
668 1574 791 1612 forma
817 1572 959 1623 duplex
979 1604 990 1625 ,
1021 1584 1094 1611 nec
1126 1573 1267 1610 semina
1299 1571 1376 1610 dici

259 1632 340 1671 Nec
358 1645 458 1684 puer
478 1638 522 1671 ut
540 1633 687 1684 possit,
707 1638 969 1682 neutrumque
991 1637 1029 1669 et
1049 1637 1260 1681 utrumque
1281 1630 1481 1669 videntur.

173 1699 242 1731 380
263 1691 367 1742 Ergo
399 1691 467 1729 ubi
499 1703 540 1729 se
572 1690 738 1741 liquidas
758 1722 768 1741 ,
800 1702 877 1741 quo
910 1691 969 1728 vir
1001 1689 1285 1740 descenderat,
1317 1688 1441 1727 undas

265 1750 520 1788 Semimarem
554 1750 694 1787 secisse
727 1749 859 1801 videt,
891 1748 1116 1798 mollitaque
1149 1749 1187 1785 in
1220 1747 1296 1785 illis

259 1807 462 1860 Membra,
494 1820 631 1846 manus
664 1807 858 1859 tendens,
897 1806 962 1844 sed
1003 1808 1079 1844 iam
1116 1818 1192 1844 non
1232 1818 1325 1844 voce
1357 1804 1482 1858 virili,

259 1866 612 1917 Hermaphroditus
644 1867 697 1903 ait
729 1862 850 1903 “nato
883 1864 970 1903 date
1002 1877 1165 1903 munera
1198 1870 1353 1916 vestro,

259 1925 308 1963 Et
339 1930 450 1976 pater
481 1930 520 1963 et
550 1925 756 1976 genetrix,
790 1922 993 1961 amborum
1025 1935 1166 1961 nomen
1200 1922 1382 1962 habenti:

173 1992 241 2023 385
263 1983 450 2034 Quisquis
482 1985 522 2021 in
553 1983 624 2021 hos
657 1983 785 2020 sontes
817 1983 875 2019 vir
907 1983 1087 2034 venerit,
1120 1987 1231 2019 exeat
1263 1981 1353 2019 inde

262 2042 458 2094 Semivir,
490 2047 530 2080 et
561 2042 674 2080 tactis
707 2040 836 2079 subito
869 2040 1070 2078 mollescat
1101 2041 1141 2078 in
1174 2039 1289 2077 undis
1304 2035 1344 2077 .''

259 2100 387 2139 Motus
419 2105 588 2150 uterque
620 2111 763 2150 parens
795 2100 874 2136 nati
905 2105 987 2136 rata
1019 2097 1136 2136 verba
1169 2097 1346 2136 biformis

258 2158 397 2211 Fecit,
429 2164 468 2197 et
498 2159 648 2196 incesto
681 2158 829 2196 sontem
861 2156 1115 2195 medicamine
1148 2157 1264 2194 tinxit
1277 2152 1302 2195 .'

318 2216 425 2255 Finis
457 2222 541 2255 erat
572 2216 688 2254 dictis
708 2246 718 2255 .
756 2215 823 2254 sed
856 2215 982 2253 adhuc
1014 2215 1177 2265 Minyeia
1210 2213 1340 2265 proles

172 2283 240 2315 390
260 2274 410 2325 Urguet
441 2287 539 2326 opus
558 2306 569 2327 ‚
602 2275 831 2325 spernitque
859 2274 974 2312 deum
993 2305 1003 2325 ,
1036 2273 1258 2322 festumque
1278 2272 1480 2324 profanat:

260 2333 458 2386 Tympana
490 2345 580 2372 cum
612 2332 742 2371 subito
773 2344 852 2371 non
884 2332 1109 2383 apparentia
1141 2332 1270 2369 raucis
