1554 2563
527 121 592 156 XV
607 148 617 165 ,
642 123 827 156 299-372
843 146 851 155 .
954 130 1178 154 mammonas
1275 115 1360 158 315

138 233 401 284 Concipiunt.
439 237 672 283 tempusque
705 231 779 269 fuit
796 261 807 282 ,
839 241 916 281 quo
948 230 1053 268 navit
1083 229 1123 267 in
1154 226 1294 280 undis,

138 291 251 330 Nunc
283 290 394 329 sedet
424 289 583 341 Ortygie
604 320 613 329 .
651 290 782 328 timuit
813 287 1071 327 concursibus
1102 287 1204 338 Argo

140 349 340 389 Undarum
372 360 526 400 sparsas
559 347 833 400 Symplegadas
866 347 1074 399 elisarum,

141 408 249 454 Quae
282 419 387 447 nunc
417 409 600 446 immotae
631 411 810 458 perstant
840 406 1045 457 ventisque
1077 405 1289 443 resistunt.

54 474 120 507 340
141 466 221 506 Nec
254 478 353 518 quae
384 466 581 518 sulpureis
613 464 724 504 ardet
755 463 979 503 fornacibus
1011 463 1134 503 Aetne

140 526 255 576 Ignea
288 537 444 576 semper
475 525 579 576 erit3
610 535 738 574 neque
771 524 875 562 enim
907 523 981 562 fuit
1011 523 1125 573 ignea
1157 532 1333 573 semper.

140 584 239 623 Nam
270 585 350 622 sive
382 589 442 622 est
473 582 613 621 animal
645 581 761 621 tellus
793 587 833 621 et
862 582 956 620 vivit
985 580 1181 631 habetque

143 642 389 694 spiramenta
419 641 514 680 locis
546 641 739 686 flammam
772 639 989 679 exhalantia
1020 638 1176 690 multis;

143 700 324 752 Spirandi
357 706 509 739 mutare
541 701 650 752 vias,
683 700 944 751 quotiensque
975 703 1178 750 movetur,

52 768 121 800 345
141 759 220 798 Has
252 760 363 798 finire
395 764 554 811 potest,
585 758 669 797 illas
701 759 854 809 aperire
887 768 1095 796 cavernas:

143 818 231 857 Sive
263 817 366 857 leves
398 819 486 856 imis
517 818 624 856 venti
655 816 889 855 cohibentur
920 817 960 854 in
992 816 1136 865 antris,

144 877 322 927 Saxaque
355 888 444 915 cum
477 877 578 914 saxis
611 881 651 915 et
681 874 890 914 habentem
923 875 1071 913 semina
1102 873 1278 912 flammae

142 935 345 974 Materiem
375 936 549 987 iactant,
580 946 625 973 ea
658 934 828 985 concipit
858 932 1004 972 ictibus
1035 934 1190 984 ignem3

144 995 265 1033 Antra
296 993 570 1044 relinquentur
602 992 745 1031 sedatis
779 992 918 1043 frigida
949 992 1098 1031 ventis:

57 1061 126 1093 350
148 1053 236 1091 Sive
268 1052 506 1091 bitumineae
538 1053 697 1103 rapiunt
727 1050 907 1090 incendia
937 1051 1064 1102 vires,

145 1112 314 1150 Luteave
345 1112 496 1162 exiguis
528 1110 740 1149 ardescunt
771 1108 932 1160 sulpura
964 1109 1105 1160 sumis,

146 1170 295 1222 Nempe
327 1169 395 1208 ubi
428 1175 533 1208 terra
564 1168 673 1207 cibos
705 1168 964 1218 alimentaque
1001 1167 1162 1218 pinguia
1195 1164 1368 1205 flammae

146 1228 232 1267 Non
264 1227 371 1267 dabit
401 1227 618 1279 absumptis
648 1238 719 1278 per
750 1226 909 1277 longum
941 1224 1089 1264 viribus
1121 1236 1283 1276 aevum,

145 1287 392 1338 Naturaeque
425 1298 541 1326 suum
572 1287 772 1325 nutrimen
804 1285 930 1324 deerit
961 1283 1095 1336 edaci;

59 1353 127 1386 355
148 1345 234 1385 Non
265 1346 367 1384 seret
396 1345 460 1384 illa
491 1346 632 1384 famem
650 1375 662 1397 ,
694 1344 927 1394 desertaque
960 1342 1117 1381 deseret
1147 1343 1281 1393 ignes.

148 1404 245 1443 Esse
276 1406 381 1443 viros
414 1404 513 1442 fama
544 1408 606 1442 est
635 1404 676 1441 in
707 1401 960 1453 Hyperborea
991 1400 1171 1453 Pallene,

149 1463 225 1509 Qui
257 1462 406 1501 soleant
435 1461 586 1500 levibus
616 1460 736 1499 velari
768 1471 933 1511 corpora
963 1459 1131 1511 plumis,
1239 1466 1269 1492 t.
1288 1466 1371 1493 ccix.

150 1521 247 1561 Cum
278 1521 541 1559 Tritoniacam
574 1520 735 1558 noviens
768 1517 925 1557 subiere
956 1517 1161 1569 paludem.

152 1580 262 1619 Haud
288 1579 471 1631 equidem
498 1578 616 1618 credo
636 1609 647 1630 ,
674 1589 830 1628 sparsae
851 1588 1008 1627 quoque
1029 1575 1203 1616 membra
1224 1587 1372 1614 veneno

61 1648 130 1680 360
150 1639 346 1677 Exercere
379 1644 483 1677 artes
517 1636 721 1688 Scythides
754 1641 1021 1674 memorantur
1053 1634 1231 1673 easdem.

150 1697 269 1748 Siqua
301 1697 396 1736 fides
427 1695 547 1735 rebus
578 1701 709 1734 tamen
741 1700 803 1733 est
832 1693 1008 1733 addenda
1038 1692 1237 1745 probatis,

151 1756 288 1795 Nonne
319 1755 427 1794 vides
447 1786 457 1803 ‚
490 1765 758 1805 quaecumque
791 1764 900 1791 mora
928 1751 1096 1791 fluidove
1129 1751 1257 1790 calore

154 1815 326 1867 Corpora
358 1813 586 1864 tabuerint,
617 1814 658 1851 in
689 1823 806 1863 parva
838 1811 1016 1850 animalia
1047 1807 1181 1850 verti?

152 1874 195 1912 In
227 1873 367 1913 scrobe
398 1872 525 1911 Deoos
556 1876 744 1910 mactatos
775 1869 898 1908 obrue
930 1875 1087 1921 tauros,
1119 1890 1173 1897 —
1265 1876 1372 1903 cccx.

65 1941 133 1973 365
154 1932 316 1984 Cognita
347 1943 411 1970 res
441 1942 518 1970 usu
551 1951 606 1957 —
639 1929 686 1968 de
718 1929 826 1980 putri
856 1929 1005 1967 viscere
1036 1929 1182 1979 passim

153 1991 366 2042 Florilegae
398 1995 615 2029 nascuntur
647 1999 739 2039 apes
757 2019 769 2039 ,
800 1998 899 2037 quae
931 1998 1040 2025 more
1071 1991 1278 2037 pareutum

154 2050 260 2089 Rura
291 2049 426 2088 colunt
457 2049 644 2099 operique
677 2046 808 2084 favent
838 2046 879 2083 in
911 2056 1099 2096 spemque
1130 2044 1327 2083 laborant.

154 2108 320 2147 Pressus
351 2107 470 2146 humo
502 2105 667 2144 bellator
699 2116 824 2156 equus
856 2103 1059 2142 crabronis
1091 2104 1202 2154 origo
1234 2108 1317 2141 est.

155 2166 331 2206 Concava
361 2165 500 2204 litoreo
533 2166 566 2203 si
597 2163 729 2202 demas
761 2162 943 2201 bracchia
975 2173 1141 2214 cancro,

67 2233 135 2265 370
156 2225 295 2264 Cetera
326 2235 524 2276 supponas
556 2228 684 2261 terrae
703 2253 715 2275 ,
747 2221 794 2260 de
826 2225 938 2272 parte
969 2219 1122 2272 sepulta

158 2283 344 2334 Scorpius
376 2282 496 2321 exibit
528 2280 727 2332 caudaque
759 2279 970 2319 minabitur
1002 2290 1126 2318 unca.

157 2341 342 2393 Quaeque
376 2341 503 2380 solent
534 2341 641 2379 canis
673 2338 833 2378 frondes
864 2340 1040 2378 intexere
1073 2336 1147 2376 filis
