1554 2563
608 128 624 161 1
641 154 651 171 ‚
677 130 863 162 623—696
879 155 886 162 .
1073 138 1184 162 ARGUS
1367 126 1417 167 19

108 245 176 276 660
197 236 250 275 De
271 248 388 288 grege
409 248 514 276 nunc
534 236 605 275 tibi
624 237 707 289 vir,
726 248 831 275 nunc
852 236 899 275 de
921 249 1037 288 grege
1059 242 1173 276 natus
1192 235 1416 275 habendus.

195 295 275 334 Nec
308 296 420 334 finire
451 295 544 335 licet
576 300 705 334 tantos
737 294 831 333 mihi
863 301 989 334 morte
1022 295 1201 335 dolores:

197 354 274 392 Sed
306 359 422 392 nocet
452 365 540 393 esse
571 353 688 393 deum
712 385 723 406 ,
755 353 1036 406 praeclusaque
1069 356 1183 393 ianua
1215 353 1282 392 leti

196 414 410 451 Aeternum
441 417 598 452 nostros
629 412 758 451 luctus
791 412 966 451 extendit
996 414 1036 452 in
1069 424 1206 452 aevum
1221 410 1245 450 .'

195 471 302 510 Talia
334 476 556 510 maerentes
588 471 763 510 stellatus
795 470 1002 510 submovet
1032 472 1184 523 Argus,

108 536 176 568 665
197 529 460 581 Ereptamque
492 531 594 581 patri
625 530 778 568 diversa
808 531 848 568 in
880 542 1023 581 pascua
1055 538 1184 569 natam

195 587 423 627 Abstrahit1
462 588 553 627 inde
585 588 723 640 procul
755 589 899 627 montis
932 587 1099 628 sublime
1131 600 1317 627 cacumen

197 646 401 699 Occupat,
433 646 537 686 unde
570 647 711 686 sedens
742 653 873 699 partes
906 647 1131 699 speculatur
1163 648 1201 686 in
1235 658 1394 686 omnes,

254 705 335 745 Nec
367 717 555 758 superum
592 711 726 745 rector
764 705 862 744 mala
900 712 1006 746 tanta
1037 706 1282 746 Phoronidos
1314 704 1418 744 ultra

195 764 316 803 Ferre
348 770 507 817 potest,
533 770 745 815 natumque
777 770 917 818 vocat,
949 777 1066 815 quem
1098 764 1226 804 lucida
1256 770 1372 816 partu

108 831 176 862 670
197 822 322 862 Pleias
355 825 466 862 enixa
499 829 588 876 est,
619 823 775 874 letoque
809 823 903 876 det,
934 825 1130 875 imperat,
1161 824 1329 875 Argum.

195 881 315 920 Parva
349 894 456 921 mora
488 889 548 921 est
579 881 656 921 alas
687 881 853 933 pedibus
886 884 1110 934 virgamque
1143 883 1295 934 potenti

198 940 458 980 Somniferam
490 942 704 992 sumpsisse
737 953 852 980 manu
886 947 1149 992 tegumenque
1182 939 1353 992 capillis:

198 998 320 1049 [llaec
352 999 420 1039 ubi
452 999 673 1051 disposuit,
704 1001 828 1051 patria
861 999 950 1038 Iove
982 1006 1097 1039 natus
1129 998 1176 1037 ab
1209 997 1316 1048 arce]

197 1057 333 1097 Desilit
364 1060 405 1097 in
436 1064 563 1098 terras
582 1090 594 1110 ,
624 1058 703 1097 illic
736 1064 998 1110 tegumenque
1025 1059 1191 1097 removit

109 1124 177 1156 675
198 1116 246 1155 Et
278 1119 410 1168 posuit
441 1128 620 1169 pennas:
652 1118 921 1157 tantummodo
954 1118 1061 1169 virga
1092 1121 1245 1156 retenta
1277 1122 1358 1154 est.

197 1175 276 1214 Hac
308 1177 386 1227 agit
417 1183 460 1215 ut
490 1182 625 1227 pastor
655 1188 726 1227 per
758 1176 867 1215 devia
899 1188 991 1215 rura
1017 1175 1208 1227 capellas,

196 1233 296 1273 Dum
327 1236 461 1288 venit,
492 1234 678 1274 abductas
697 1266 708 1286 ,
740 1241 778 1274 et
809 1236 971 1274 structis
1003 1241 1132 1274 cantat
1164 1234 1317 1273 avenis.

198 1292 297 1332 Voce
331 1305 427 1332 nova
460 1300 596 1348 captus
628 1299 761 1333 custos
793 1293 982 1333 Iunonius
1002 1325 1010 1332 .
1050 1291 1103 1332 ‘at
1135 1299 1201 1344 tu,

197 1351 385 1403 Quisquis
418 1364 459 1391 es
479 1384 490 1405 ,
522 1352 596 1391 hoc
614 1359 784 1404 ‚poteras
810 1364 965 1392 mecum
991 1351 1197 1391 considere
1230 1362 1321 1390 saxo
1335 1347 1360 1402 ‚’

108 1418 177 1450 680
197 1411 323 1462 Argus
355 1412 408 1450 ait
439 1408 582 1462 ‘neque
614 1412 718 1450 enim
750 1413 884 1463 pecori
915 1411 1121 1450 fecundior
1152 1409 1231 1449 ullo

198 1468 327 1508 Herba
359 1469 444 1508 loco
477 1476 567 1522 est,
599 1476 807 1521 aptamque
828 1469 935 1509 vides
955 1469 1180 1521 pastoribus
1202 1471 1379 1507 umbram
1395 1463 1419 1505 .'

198 1527 308 1566 Sedit
339 1528 602 1581 Atlantiades,
634 1535 674 1567 et
705 1534 864 1567 euntem
896 1528 1017 1567 multa
1048 1527 1243 1579 loquendo

198 1585 372 1626 Detinuit
403 1598 584 1626 sermone
616 1586 719 1625 diem
738 1618 748 1638 ‚
780 1588 1002 1637 iunctisque
1033 1586 1208 1625 canendo

198 1644 362 1684 Vincere
394 1644 679 1684 harundinibus
712 1646 905 1684 servantia
937 1645 1083 1684 lumina
1117 1650 1301 1696 temptat.

111 1711 178 1743 685
201 1703 266 1743 llle
300 1710 429 1743 tamen
461 1711 609 1756 pugnat
641 1703 776 1743 molles
809 1705 988 1743 evincere
1021 1715 1178 1743 somnos

198 1762 276 1815 Et,
308 1765 483 1814 quamvis
515 1775 633 1814 sopor
666 1768 726 1801 est
752 1763 956 1802 oculorum
987 1769 1098 1815 parte
1130 1768 1339 1814 receptus,

199 1821 313 1860 Parte
335 1829 463 1860 tamen
483 1821 633 1873 vigilat.
661 1823 814 1872 quaerit
834 1832 991 1873 quoque
1009 1842 1058 1849 —-
1076 1832 1243 1872 namque
1266 1826 1418 1872 reperta

199 1879 348 1919 Fistula
380 1892 507 1932 nuper
539 1887 623 1919 erat
658 1902 707 1907 —
744 1892 820 1931 qua
853 1881 903 1919 sit
934 1881 1084 1919 ratione
1117 1886 1296 1931 reperta.

198 1938 299 1977 Tum
331 1938 428 1978 deus
461 1936 661 1978 ‘Arcadiae
694 1938 831 1990 gelidis
863 1940 902 1977 in
936 1935 1149 1978 montibus’
1183 1939 1310 1989 inquit

112 2005 180 2036 690
201 1994 323 2036 ‘Inter
354 1997 631 2049 hamadryadas
664 1997 919 2036 celeberrima
952 1996 1192 2036 Nonacrinas

200 2055 314 2094 Naias
345 2068 422 2095 una
454 2057 528 2095 suit
545 2088 557 2108 ,
588 2056 778 2108 nymphae
811 2055 974 2108 Syringa
1005 2055 1215 2094 vocabant.

199 2113 286 2153 Non
318 2113 437 2153 semel
469 2121 509 2153 et
540 2121 690 2166 satyros
722 2115 893 2154 eluserat
923 2114 986 2154 illa
1019 2121 1230 2165 sequentes

200 2172 250 2212 Et
281 2185 550 2224 quoscumque
583 2174 678 2212 deos
710 2173 941 2212 umbrosave
973 2172 1068 2212 silva
1093 2173 1248 2212 feraxve

202 2231 283 2271 Rus
314 2231 431 2270 habet
450 2263 459 2271 .
497 2231 697 2284 Ortygiam
729 2232 868 2272 studiis
900 2233 1062 2283 ipsaque
1094 2230 1246 2270 colebat

115 2298 181 2328 695
203 2289 430 2341 virginitate
461 2290 573 2330 deam
600 2323 607 2330 .
646 2291 724 2330 ritu
756 2302 913 2342 quoque
945 2291 1072 2330 cincta
1102 2289 1246 2329 Dianae

202 2348 399 2401 Falleret‚
430 2355 470 2389 et
501 2349 609 2389 credi
638 2355 774 2401 posset
804 2348 965 2388 Latonia
983 2380 995 2403 ,
1026 2349 1059 2389 si
1090 2361 1169 2388 non

1093 2414 1142 2449 2*
