1554 2563
79 87 177 121 XLII

78 199 217 235 natum
252 197 429 246 videtur,
473 197 577 247 quod
615 198 770 248 syllaba
805 201 892 242 mut,
937 199 1082 247 scripto
1121 202 1152 249 t,
1188 201 1235 237 ut
1265 200 1352 237 erat
1382 198 1424 236 in

79 255 162 294 cod.
182 255 351 306 Sarrav.,
382 256 432 294 ad
463 256 596 305 graeci
628 257 939 307 similitudinem,
970 258 1109 296 habita
1138 270 1209 307 pro
1239 259 1305 295 md
1335 269 1424 295 cum

77 314 240 365 lineola,
285 326 384 363 quae
427 327 499 363 pro
536 327 564 353 n
601 316 722 354 esset:
766 317 984 365 usurpatur
1020 328 1067 354 ea
1102 316 1142 354 in
1178 316 1218 353 M
1255 315 1426 353 maxime

77 373 119 410 in
143 372 220 411 fine
250 373 545 423 vocabulorum,
577 377 690 424 oeten,
722 375 914 417 aeacidem,
947 375 1156 423 eurydicen,
1189 385 1352 423 cypron;
1382 374 1424 411 in

76 431 127 479 B,
166 432 233 481 qui
270 431 499 470 litteratura
536 432 840 482 anglosaxonica
877 435 1081 482 exaratus,
1119 433 1240 472 etiam
1270 433 1313 471 in
1343 444 1424 470 me-

77 490 172 540 diis,
202 491 437 538 idiquautia,
469 491 597 539 iicere,
628 494 743 530 tetam
774 500 790 529 1
813 493 891 530 181
931 493 1013 530 184
1050 492 1145 530 190.
1193 491 1298 530 idem
1330 490 1423 529 dici-

77 550 143 587 tur
174 560 218 586 ac
249 557 297 587 VI
320 550 401 587 326
435 549 605 588 tremulis
636 550 872 589 circumdata
903 552 1048 589 cannis.
1182 546 1269 588 632
1298 557 1423 588 BIBU-

76 615 262 653 LAEQUE
286 615 524 646 RETUNSAS
550 608 742 647 RADICIS
769 616 946 647 FlBRAs.
996 609 1216 657 bibulaeque
1240 619 1424 647 recuruas

76 666 170 704 libri
194 668 354 716 praeter
379 666 432 716 M,
464 666 531 716 qui
554 677 784 715 repuynaus.
827 667 926 705 illud
958 667 1158 717 glossema
1187 666 1424 717 putaverim,

76 725 150 763 hoc
179 724 367 763 mendum
398 737 444 763 ex
476 725 717 764 oblitteratis
754 726 797 763 in
827 726 1042 776 archetypo
1073 738 1262 765 versuum
1298 727 1426 764 extre-

76 783 150 821 mis
182 784 383 833 partibus,
416 784 548 833 qualia
577 784 619 822 in
649 784 723 822 hoc
754 784 1006 833 potissimum
1036 784 1157 835 libro,
1188 784 1336 833 partim
1365 784 1419 822 in-

77 854 184 892 sana,
215 842 431 880 abundant.
491 854 638 882 vanum
667 855 790 892 prope
823 845 910 881 erat
939 843 1166 881 litterarum
1198 843 1338 881 ductus
1371 842 1422 880 ri-

75 900 188 950 mari,
218 901 296 939 nisi
327 901 411 950 hoc,
444 901 549 950 quod
574 901 788 939 secundum
807 901 1041 951 Vergiliana
1066 905 1229 952 retunso,
1261 902 1423 951 obtunsi,

77 959 145 997 Ge.
172 967 207 997 ΙΙ
234 960 314 998 301
368 967 384 996 1
412 960 514 1009 262,
561 960 737 1010 exhibui,
780 961 1066 1009 proprietatem
1102 961 1213 998 illam
1244 972 1339 1009 prae
1381 971 1423 998 se

76 1018 211 1069 ferret,
243 1029 361 1067 quam
392 1018 631 1066 peculiarem
662 1020 804 1068 poetae
834 1019 875 1056 in
906 1020 980 1057 hoc
1005 1030 1149 1068 genere
1175 1030 1296 1068 supra
1322 1018 1422 1057 dice-

75 1076 178 1115 bam.
234 1076 471 1126 ubicumque
520 1077 571 1115 ad
620 1077 678 1115 rei
726 1077 898 1115 rusticae
942 1077 1190 1126 disciplinam
1233 1077 1423 1127 defertur,

77 1134 213 1173 Sabini
243 1135 404 1184 ingenii,
436 1147 512 1184 quo
544 1136 674 1186 natus,
706 1136 966 1186 sagacitatem
991 1147 1196 1186 agnoscas.
1245 1135 1423 1174 radicum

75 1193 207 1243 fibras,
239 1205 328 1231 cum
359 1193 544 1232 ariditate
575 1196 753 1244 torpent,
784 1195 985 1245 resiliunt,
1016 1196 1291 1244 extenuantur,
1321 1194 1423 1232 nihil

75 1252 152 1290 diei
182 1254 316 1301 potest
347 1252 556 1302 signatius,
587 1264 706 1302 quam
736 1253 906 1291 retundi.
1051 1250 1134 1292 658
1167 1253 1420 1299 PLURAQUE

75 1318 326 1349 LAUDATAE
371 1318 430 1348 Ao
479 1319 627 1349 DEDIT
667 1318 855 1360 ochLA,
895 1319 1068 1358 QUAmA
1086 1333 1154 1349 —.
1214 1311 1422 1359 Paucaque

76 1370 256 1408 laudatae
285 1370 387 1408 dedit
415 1369 509 1407 libri
541 1381 692 1420 omnes,
724 1370 828 1419 quod
858 1382 935 1408 non
966 1370 1251 1420 intelligebam.
1301 1370 1420 1408 auda-

76 1428 159 1466 cius
195 1428 366 1467 fortasse
404 1427 542 1466 refinxi
580 1439 669 1466 cum
706 1430 932 1467 structurae
974 1429 1250 1478 imparilitate,
1294 1429 1421 1478 qualis

76 1495 106 1525 v
129 1487 212 1525 130
252 1498 323 1534 quo
360 1497 437 1524 nou
466 1487 689 1535 possederat
719 1488 816 1526 alter
847 1488 980 1537 latius,
1017 1490 1085 1526 aut
1120 1488 1269 1526 totidem
1306 1482 1423 1539 (quot

76 1540 162 1597 ille)
195 1545 344 1583 tollebat
374 1546 472 1584 turis
503 1556 666 1584 acervos.
787 1541 872 1584 662
905 1545 1036 1590 QUAM
1069 1553 1256 1585 COMPTA
1288 1553 1422 1585 POST-

77 1611 207 1650 QUAM
252 1611 457 1642 PARITER
503 1612 709 1642 VIRTUTE
753 1612 998 1643 PROBAVIT.
1061 1605 1185 1653 Quam
1227 1606 1336 1653 eopia
1376 1616 1421 1652 10·

75 1663 128 1712 M,
149 1662 273 1710 Quam
303 1664 407 1701 socia
429 1674 472 1710 p.
521 1662 675 1712 reliqui.
720 1658 922 1711 ‘probavit
953 1657 1017 1714 (ut
1048 1671 1099 1701 111
1119 1658 1224 1715 425)
1255 1665 1420 1712 propter

76 1721 284 1770 virtutem,
322 1733 422 1770 quae
460 1721 578 1759 simul
619 1716 786 1772 (pariter
817 1729 849 1759 Π
869 1722 951 1760 505
991 1730 1076 1760 V111
1097 1717 1201 1773 324)
1238 1723 1421 1760 ornatum

76 1775 269 1817 haberet?
407 1777 489 1818 671
530 1787 620 1818 NEC
653 1787 860 1819 comum(
893 1788 1059 1828 TIMIDI,
1096 1788 1188 1818 Au'r
1220 1786 1421 1819 AUDAcls

77 1845 245 1877 ULIXIS.
294 1839 443 1876 retraxi
474 1838 643 1888 obelum,
675 1851 791 1888 quem
823 1838 917 1876 olim
947 1839 1072 1887 posui.
1121 1838 1326 1877 fatendum
1359 1840 1421 1878 est

77 1897 261 1935 affectata
286 1899 326 1935 et
346 1897 607 1946 grammatica
636 1897 706 1934 illa
736 1897 944 1935 reticentia
973 1909 1090 1936 usum
1116 1899 1287 1947 poetam,
1319 1909 1421 1947 quae

77 1957 357 2005 praeterquam
387 1956 428 1993 in
455 1955 568 1994 Ibide
598 1956 664 1994 vix
694 1963 743 1994 IV
765 1956 861 2005 786,
903 1963 952 1993 IX
975 1957 1055 1994 123
1090 1956 1273 1994 occurrit.
1322 1957 1420 1994 timi-

77 2015 165 2063 dus,
209 2027 327 2063 quem
362 2014 543 2063 intellegi
573 2014 678 2064 vult,
710 2016 771 2052 est
800 2013 1018 2064 Adrastus,
1059 2015 1126 2063 qui
1157 2010 1341 2062 ἔφευγεν
1374 2011 1420 2052 ἐκ

78 2070 247 2121 Θηβῶν,
289 2069 438 2121 εἵματα
482 2069 618 2120 λυγρὰ
654 2070 802 2121 φέρων
839 2069 913 2111 (ὺν
943 2067 1121 2120 Ἀρείονι
1162 2069 1419 2123 κυανοχαίτῃ

77 2131 193 2168 Paus.
224 2139 307 2169 V111
334 2132 431 2169 258.
486 2131 570 2169 eius
608 2131 775 2169 coniunx
804 2130 1048 2179 Amphithea
1078 2131 1286 2169 Pronactis
1324 2131 1420 2180 filia,

75 2188 257 2238 Apollod.
278 2197 294 2227 1
316 2191 338 2227 9
363 2191 428 2239 13,
455 2189 564 2228 cuius
589 2190 699 2238 proci
717 2189 929 2239 Agathone
955 2189 1060 2238 apud
1079 2189 1224 2227 Athen.
1243 2203 1280 2239 p.
1303 2189 1420 2228 528d

75 2249 179 2286 teste
209 2247 391 2286 Aetoliae
429 2248 556 2286 omnis
592 2248 799 2298 nobilitas,
837 2247 905 2297 qui
942 2247 1082 2286 deinde
1115 2247 1280 2287 Curetes
1312 2241 1420 2297 dicti,

74 2306 247 2345 suerunt.
381 2302 483 2357 705,
517 2302 620 2357 706,
653 2303 734 2345 707
775 2306 944 2356 expunxi
980 2305 1056 2344 fide
1091 2306 1150 2357 M,
1187 2307 1264 2345 etsi
1300 2306 1420 2356 paulo
