1554 2563
574 98 666 142 VII,
692 102 902 134 413—485.
975 111 1101 134 amos.
1128 111 1260 134 aeacus
1331 98 1412 141 139

103 218 169 250 450
188 209 348 250 Publica
379 210 615 261 suscipimus
634 241 645 262 ,
676 208 812 248 bacchi
844 208 914 247 tibi
947 210 1137 248 sumimus
1168 203 1366 249 haustus.'

190 268 387 308 Consonat
417 280 579 308 assensu
612 267 747 320 populi
778 267 1041 319 precibusque
1074 269 1271 317 faventum

189 327 339 380 Regia3
370 339 444 366 nec
475 332 557 366 tota
587 328 713 366 tristis
744 326 854 366 locus
886 326 989 365 ullus
1021 328 1061 365 in
1094 326 1192 365 urbe
1225 332 1307 366 est.

249 387 328 426 Nec
348 392 478 425 tamen
499 407 554 414 —
574 398 700 437 usque
721 385 816 424 adeo
836 384 941 424 nulla
962 391 1022 424 est
1041 386 1195 424 sincera
1213 385 1415 437 voluptas,

191 445 489 496 Sollicitumque
520 444 666 496 aliquid
692 444 804 483 laetis
835 445 1048 483 intervenit
1079 464 1134 472 —
1166 444 1320 495 Aegeus

104 512 170 544 455
192 504 339 544 Gaudia
370 505 549 555 percepit
579 510 670 542 nato
702 514 841 542 secura
873 508 1056 554 recepto.

189 562 295 602 Bella
314 569 424 614 parat
448 562 574 601 Minos
595 594 603 602 .
648 563 714 613 qui
742 573 977 613 quamquam
1002 560 1125 600 milite
1144 593 1155 614 ‚
1182 573 1416 613 quamquam

191 621 324 662 Classe
356 621 485 670 valet,
516 622 641 673 patria
673 627 804 660 tamen
835 626 897 659 est
927 620 1175 660 firmissimus
1207 622 1264 660 ira

190 680 467 732 Androgeique
500 692 636 719 necem
669 681 784 719 iustis
814 679 1020 719 ulciscitur
1052 680 1193 718 armis.

191 741 291 779 Ante
323 745 454 778 tamen
486 738 588 777 bello
620 739 724 777 vires
756 740 924 789 acquirit
955 740 1121 790 amicas,

105 806 172 838 460
199 798 362 850 Quaque
392 804 534 849 potens
560 797 717 837 habitus
736 829 747 849 ‚
778 797 928 836 volucri
953 797 1052 836 freta
1074 796 1197 836 classe
1216 802 1418 848 pererrat.

191 857 292 896 Hinc
323 856 511 908 Anaphen
543 855 618 895 sibi
649 857 777 907 iungit
807 863 847 895 et
866 856 1084 907 Astypaleia
1116 867 1260 907 regna,

191 915 402 955 Promissis
433 915 621 967 Anaphen
640 946 651 967 ,
682 927 802 966 regna
833 914 1052 965 Astypaleia
1082 913 1207 966 bello3

193 974 293 1013 Hinc
326 973 512 1013 humilem
544 973 752 1025 Myconum
785 980 1017 1024 cretosaque
1050 984 1143 1012 rura
1175 971 1314 1012 Cimoli

193 1033 497 1083 Florentemque
519 1032 645 1083 Syron
665 1064 675 1083 ,
702 1031 897 1084 Cythnum
911 1063 921 1083 ‚
947 1032 1180 1083 planamque
1202 1030 1396 1083 Seriphon
1410 1062 1421 1083 ,

107 1101 175 1132 465
195 1092 533 1143 Marmoreamque
559 1091 686 1130 Paron
706 1122 717 1142 ‚
750 1102 945 1141 quamque
976 1092 1095 1142 impia
1125 1089 1299 1141 prodidit
1317 1090 1421 1129 Arne

197 1150 373 1202 Siphnon
405 1156 445 1189 et
476 1156 665 1202 accepto,
698 1150 803 1200 quod
835 1161 948 1188 avara
978 1154 1241 1200 poposcerat,
1273 1160 1368 1188 auro

197 1209 344 1248 Mutata
377 1215 438 1248 est
467 1209 508 1247 in
528 1221 666 1260 avem,
699 1220 799 1259 quae
819 1220 925 1247 nunc
957 1219 1114 1259 quoque
1147 1207 1273 1258 diligit
1303 1215 1422 1242 [cxx-

1259 1277 1422 1318 aurum,

194 1327 313 1379 Nigra
343 1326 464 1378 pedes
483 1358 493 1378 ‚
526 1327 648 1377 nigris
678 1325 802 1365 velata
834 1324 1041 1364 monedula
1073 1326 1236 1377 pennis.

127 1423 130 1426 ,
195 1387 244 1424 At
275 1397 352 1424 non
386 1384 538 1424 Oliaros
570 1384 835 1436 Didymaeque
868 1390 907 1423 et
937 1383 1067 1423 Tenos
1100 1390 1140 1422 et
1169 1382 1324 1422 Andros

108 1452 177 1485 470
196 1443 247 1483 Et
278 1443 424 1496 Gyaros
456 1443 820 1494 nitidaequeferax
851 1442 1093 1494 Peparethos
1124 1441 1247 1481 olivae

196 1502 407 1542 Gnosiacas
438 1504 573 1541 iuvere
605 1509 738 1540 rates.
775 1502 897 1540 latere
928 1500 1019 1540 inde
1051 1502 1212 1539 sinistro

196 1561 411 1612 Oenopiam
442 1560 568 1599 Minos
599 1562 726 1612 petit,
756 1559 960 1599 Aeacideia
991 1571 1134 1610 regna.

197 1620 412 1672 Oenopiam
443 1626 597 1658 veteres
630 1618 901 1670 appellavere.
940 1617 1009 1657 sed
1040 1619 1125 1669 ipse

197 1680 348 1718 Aeacus
378 1679 564 1729 Aeginam
597 1678 809 1729 genetricis
834 1677 993 1716 nomine
1024 1675 1141 1716 dixit.

109 1745 177 1777 475
198 1737 330 1776 Turba
362 1738 441 1776 ruit
473 1742 683 1788 tantaeque
716 1737 843 1775 virum
876 1746 1116 1786 cognoscere
1148 1735 1272 1774 famae

198 1795 384 1847 Expetit.
423 1801 638 1835 occurrunt
669 1794 724 1834 illi
755 1794 1021 1845 Telamonque
1040 1825 1051 1845 ‚
1082 1794 1289 1844 minorque

199 1854 325 1901 Quam
355 1853 543 1893 Telamon
574 1853 715 1892 Peleus
734 1885 745 1905 ,
777 1860 817 1892 et
848 1852 979 1904 proles
1010 1853 1127 1891 tertia
1157 1851 1337 1891 Phocus.

198 1913 286 1965 Ipse
319 1924 476 1964 quoque
508 1912 710 1963 egreditur
742 1911 878 1951 tardus
910 1912 1098 1962 gravitate
1130 1909 1245 1948 senili

200 1972 350 2010 Aeacus
369 2003 379 2023 ,
412 1977 452 2010 et
483 1983 582 2022 quae
613 1973 665 2010 sit
695 1970 878 2009 veniendi
910 1981 1025 2008 causa
1044 2000 1056 2022 ,
1087 1969 1277 2019 requirit.

113 2038 180 2070 480
201 2030 431 2069 Admonitus
464 2031 579 2081 patrii
605 2029 734 2068 luctus
767 2030 968 2079 suspirat,
1000 2032 1040 2066 et
1069 2026 1125 2065 illi

200 2088 310 2128 Dicta
342 2089 466 2127 refert
495 2094 626 2127 rector
657 2087 892 2139 populorum
925 2085 1014 2124 talia
1046 2090 1229 2124 centum:

201 2144 334 2186 ‘Arma
366 2148 475 2186 iuves
506 2158 578 2185 oro
604 2158 675 2197 pro
707 2151 823 2197 gnato
854 2151 1009 2196 sumpta
1027 2174 1039 2196 ,
1070 2144 1234 2195 piaeque

203 2205 302 2244 Pars
334 2207 387 2244 sis
419 2204 610 2244 militiae:
642 2204 793 2243 tumulo
825 2203 967 2242 solacia
997 2213 1118 2254 posco
1133 2198 1158 2240 .'

206 2262 307 2303 Huic
339 2263 552 2315 Asopiades
585 2260 702 2314 ‘petis
734 2258 861 2301 irrita’
887 2261 985 2300 dixit
1016 2258 1072 2299 ‘et
1102 2258 1192 2299 urbi

114 2330 181 2361 485
201 2321 286 2361 Non
319 2321 494 2361 facienda
526 2333 664 2373 meae3
695 2332 823 2372 neque
857 2320 962 2359 enim
994 2318 1243 2358 coniunctior
1274 2316 1352 2356 ulla
