1554 2563
120 113 200 155 182
338 126 534 148 GALANTnis
665 113 879 147 METAMM
894 143 901 148 .

231 223 433 263 Tendebat
464 224 631 273 gravitas
662 228 819 262 uterum
853 223 946 262 mihi
965 255 976 275 ,
1008 222 1189 274 quodque
1223 223 1418 275 ferebam,

231 283 399 321 Tantum
433 289 545 334 erat,
576 288 620 320 ut
650 294 786 333 posses
819 289 1019 321 auctorem
1052 283 1183 321 dicere
1214 285 1308 320 tecti

231 341 423 380 Ponderis
455 353 542 378 esse
575 340 702 379 Iovem
725 373 733 379 .
773 353 845 379 nec
877 343 950 379 iam
984 341 1151 379 tolerare
1184 340 1338 379 labores

144 409 210 440 290
232 401 403 438 Ulterius
434 406 611 450 poteram
631 430 640 438 .
679 401 772 450 quin
808 412 910 438 nunc
943 412 1099 449 quoque
1125 399 1290 449 frigidus
1322 405 1455 451 artus,

235 459 330 497 Dum
358 459 498 508 loquor
515 489 527 511 ,
558 458 700 496 horror
726 458 843 497 habet
861 490 872 510 ,
903 470 1071 509 parsque
1100 465 1160 496 est
1184 460 1407 496 meminisse

1287 517 1455 555 doloris.

233 577 391 628 Septem
425 588 496 627 ego
528 588 600 628 per
631 582 796 628 noctes,
828 576 989 614 totidem
1023 577 1194 614 cruciata
1227 575 1389 627 diebus,

231 636 347 674 Fessa
382 635 515 687 malis,
547 635 791 685 tendensque
826 635 870 673 ad
898 636 1048 673 caelum
1076 635 1256 672 bracchia
1275 666 1285 686 ,
1317 646 1455 683 magno

233 694 421 732 Lucinam
453 693 651 744 Nixosque
683 701 814 744 patres
846 694 1015 732 clamore
1047 693 1254 732 vocabam.

145 761 211 793 295
234 753 297 791 llla
330 753 488 803 quidem
521 754 626 790 venit
643 784 655 805 ,
687 753 754 790 sed
786 758 1067 803 praecorrupta
1086 784 1098 804 ,
1129 764 1338 803 meumque

234 812 341 857 Quae
373 812 520 849 donare
553 817 671 862 caput
701 811 838 849 lunoni
873 812 987 849 vellet
1017 813 1196 861 iniquae.

232 871 361 921 thue
394 882 501 908 meos
534 870 641 908 audit
673 872 841 919 gemitus
860 901 871 921 ,
903 870 1080 908 subsedit
1110 872 1150 908 in
1181 869 1245 908 illa

232 932 331 967 Ante
364 929 469 967 fores
501 940 564 966 ara
585 960 596 980 ,
629 928 845 979 dextroque
877 940 897 966 a
928 929 1074 980 poplite
1106 928 1256 966 laevum

233 988 372 1026 Pressa
406 999 507 1037 genu
541 993 581 1025 et
612 987 743 1037 digitis
775 989 879 1025 inter
911 999 952 1025 se
985 989 1140 1038 pectine
1172 988 1316 1025 iunctis

143 1042 214 1086 '300
236 1048 433 1084 Sustinuit
463 1051 598 1097 partus
619 1077 627 1084 .
660 1048 774 1084 tacita
807 1058 963 1097 quoque
997 1047 1165 1084 carmina
1199 1057 1292 1084 voce

235 1105 367 1156 Dixit,
400 1111 438 1143 et
469 1107 672 1155 incoeptos
703 1111 918 1142 tenuerunt
949 1107 1119 1143 carmina
1151 1111 1309 1156 partus.

235 1164 376 1216 Nitor,
409 1170 447 1201 et
478 1165 631 1211 ingrato
658 1164 756 1201 facio
790 1164 962 1202 convicia
995 1164 1155 1201 demens

236 1222 337 1260 Vana
371 1222 449 1259 lovi
469 1253 480 1272 ,
513 1224 706 1272 cupioque
740 1224 869 1273 mori,
901 1228 1134 1272 moturaque
1167 1221 1287 1260 duros

234 1280 358 1319 Verba
393 1291 537 1330 queror
571 1281 727 1319 silices.
766 1286 911 1319 matres
944 1280 1171 1319 Cadmeides
1204 1280 1368 1331 adsunt,

147 1347 214 1379 305
235 1339 409 1390 Votaque
442 1339 690 1390 suscipiunt,
723 1339 1058 1390 exhortanturque
1091 1339 1309 1377 dolentem.

236 1398 316 1436 Una
349 1399 617 1436 ministrarum
637 1429 647 1449 ,
680 1398 804 1435 media
838 1398 885 1435 de
917 1397 1029 1448 plebe
1048 1429 1059 1449 ,
1091 1397 1310 1448 Galanthis,

239 1457 348 1494 Flava
381 1468 541 1508 comas,
574 1455 735 1508 aderat,
768 1457 956 1494 faciendis
988 1463 1148 1494 strenua
1181 1458 1322 1507 iussiS,

237 1516 383 1553 Officiis
416 1515 556 1553 dilecta
589 1516 670 1552 suis
690 1546 698 1553 .
743 1527 786 1553 ea
819 1517 942 1553 sensit
972 1516 1102 1566 iniqua

238 1574 376 1612 Nescio
409 1573 499 1623 quid
533 1573 681 1611 Iunone
714 1575 827 1623 geri:
859 1574 1029 1624 dumque
1062 1575 1141 1612 exit
1172 1579 1212 1612 et
1242 1574 1361 1612 intrat

149 1642 214 1672 310
237 1633 359 1683 Saepe
392 1633 526 1684 soreS,
559 1632 681 1670 divam
715 1631 951 1670 residentem
985 1632 1079 1670 vidit
1110 1635 1149 1671 in
1181 1644 1245 1670 ara

236 1690 502 1740 Bracchiaque
534 1692 574 1729 in
607 1687 772 1741 genibus
804 1691 936 1741 digitis
968 1703 1113 1729 conexa
1146 1696 1370 1743 tenentem,

235 1750 285 1788 Et
311 1747 614 1799 “quaecumque
635 1761 677 1787 es
695 1747 722 1801 ,⁹
754 1751 808 1787 ait
827 1747 1020 1787 ‘dominae
1041 1756 1193 1799 gratare
1216 1780 1224 1788 .
1256 1750 1376 1787 levata
1399 1754 1455 1787 est

235 1808 387 1858 Argolis
419 1807 602 1846 Alcmene
623 1839 633 1859 ,
664 1809 891 1858 potiturque
923 1820 1116 1858 puerpera
1142 1814 1231 1846 voto
1247 1805 1287 1846 .''

235 1866 430 1918 Exsiluit,
462 1868 693 1916 iunctasque
726 1878 863 1904 manus
895 1867 1090 1917 pavefacta
1123 1868 1274 1905 remisit

148 1934 215 1964 315
237 1925 327 1963 Diva
361 1931 500 1976 potens
533 1926 666 1963 uteri:
697 1926 834 1963 vinclis
866 1925 972 1962 levor
1003 1927 1084 1975 ipsa
1118 1927 1315 1963 remissis.

236 1984 404 2022 Numine
438 1983 601 2033 decepto
635 1984 768 2021 risisse
802 1983 1028 2021 Galanthida
1061 1985 1158 2021 fama
1192 1990 1274 2021 est.

236 2042 441 2080 Ridentem
474 2053 735 2092 prensamque
767 2043 862 2092 ipsis
895 2042 964 2079 dea
996 2053 1106 2079 saeva
1140 2042 1287 2093 capillis

237 2101 400 2152 Traxit,
433 2105 472 2138 et
503 2112 524 2138 e
556 2106 661 2138 terra
694 2112 838 2151 corpus
870 2100 1042 2138 relevare
1074 2099 1267 2138 volentem

242 2160 408 2211 Arcuit,
439 2160 558 2209 inque
589 2159 709 2209 pedes
742 2160 904 2197 mutavit
934 2158 1114 2197 bracchia
1146 2161 1316 2210 primos.

150 2224 216 2255 320
239 2217 461 2254 Strenuitas
493 2218 649 2267 antiqua
683 2224 841 2268 manet3
873 2228 945 2255 nec
976 2223 1083 2267 terga
1117 2218 1287 2255 colorem

236 2276 410 2312 Amisere
444 2287 589 2313 suum:
621 2276 742 2313 forma
777 2282 836 2313 est
867 2275 1017 2313 diversa
1049 2276 1194 2326 priori.

238 2333 344 2377 Quae
378 2335 465 2382 quia
500 2333 675 2370 mendaci
708 2336 922 2383 parientem
953 2335 1103 2371 iuverat
1133 2346 1225 2386 ore,
1256 2343 1284 2369 f.
1303 2342 1457 2369 cxxxviii.
