1554 2563
124 90 209 133 236
341 103 540 127 ΗΑιοΥοΝΕΒ
671 89 885 124 ΜΕΤΑΜΜ
901 117 908 125 .

243 200 369 252 [Quae
402 200 496 240 dum
527 204 608 239 tota
638 199 734 239 locis
765 200 1034 239 reminiscitur
1065 205 1150 239 acta
1167 231 1179 252 ,
1211 198 1453 251 fretumque]

156 267 221 299 715
241 260 465 311 Prospicit:
496 260 537 298 in
568 258 714 310 liquida
732 290 744 311 ,
772 259 900 311 spatio
932 258 1100 297 distante
1120 289 1131 310 ,
1163 263 1297 298 tuetur

241 318 382 357 Nescio
402 317 495 369 quid
517 319 628 369 quasi
649 329 817 370 corpus,
843 329 964 368 aqua.
996 318 1227 370 primoque,
1253 317 1346 368 quid
1371 316 1467 356 illud

242 377 380 429 Esset,
411 381 496 415 erat
521 375 683 415 dubium
701 407 709 415 .
747 381 955 428 postquam
980 375 1140 427 paulum
1165 375 1315 427 appulit
1340 375 1467 428 unda,

241 435 290 475 Et
309 468 319 488 ‚
353 436 527 487 quamvis
560 434 721 487 aberat,
754 447 897 486 corpus
930 439 1061 473 tamen
1093 446 1179 473 esse
1212 433 1408 486 liquebat,

243 494 316 540 Qui
344 495 470 547 foret,
494 495 703 546 ignorans,
729 495 820 545 quia
846 493 1082 545 naufragus,
1108 494 1236 532 omine
1257 498 1361 532 mota
1388 498 1468 546 est,

155 562 221 594 720
242 553 319 605 Et,
345 559 544 604 tamquam
569 554 701 604 ignoto
728 551 927 592 lacrimam
953 551 1093 604 daret,
1119 548 1240 591 ‘heul
1267 553 1387 591 miser
1399 548 1426 604 ,'

1340 611 1468 661 inquit

243 669 446 722 ‘Quisquis
466 682 528 723 es,
549 675 588 709 et
607 671 718 721 siqua
738 676 799 709 est
818 670 988 708 coniunx
1008 668 1078 708 tibi
1089 666 1114 708 1'
1135 668 1320 709 fluctibus
1338 675 1467 709 actum

242 730 304 769 Fit
334 731 498 781 propius
530 741 702 780 corpus.
743 728 846 779 quod
879 740 955 779 quo
988 730 1109 779 magis
1141 727 1204 766 illa
1237 733 1394 781 tuetur,

242 788 324 827 Hoc
362 790 492 827 minus
530 793 570 826 et
607 789 738 826 minus
770 792 830 826 est
866 787 1037 826 mentis.
1081 788 1158 826 iam
1194 788 1349 838 iamque

1224 846 1467 897 propinquae

241 906 450 945 Admotum
482 911 611 944 terrae
631 937 642 958 ‚
673 907 750 944 iam
781 904 885 956 quod
918 916 1157 955 cognoscere
1188 910 1345 957 posset,

156 973 221 1004 725
244 965 407 1004 Cernit:
439 970 523 1003 erat
555 965 753 1003 coniunx.
793 960 871 1002 ‘ille
904 968 965 1002 est
983 959 1009 1002 1’
1042 963 1260 1016 exclamat,
1291 968 1331 1002 et
1361 975 1438 1002 una

243 1023 320 1062 Ora
352 1034 483 1062 comas
514 1028 662 1062 vestem
694 1022 868 1074 lacerat,
899 1021 1145 1074 tendensque
1176 1026 1390 1061 trementes

241 1081 297 1120 Ad
331 1081 454 1132 Ceyca
485 1093 624 1120 manus
657 1078 729 1120 ‘sic
747 1113 759 1134 ,
790 1094 812 1119 ο
846 1082 1045 1121 carissime
1078 1082 1272 1133 coniunx,

243 1140 307 1179 Sic
339 1139 386 1178 ad
418 1151 480 1179 me
498 1171 510 1192 ‚
542 1140 762 1178 miserande
781 1171 792 1191 ‚
824 1139 929 1178 redis
949 1136 985 1178 ’θ’
1017 1140 1098 1178 ait.
1137 1139 1287 1178 adiacet
1318 1138 1433 1178 undis

241 1198 358 1237 Facta
389 1210 506 1237 manu
538 1197 660 1237 moles
678 1229 690 1250 ,
722 1210 821 1248 quae
852 1199 998 1248 primas
1031 1200 1213 1249 aequoris
1245 1200 1323 1237 iras

155 1266 221 1298 730
241 1257 402 1308 Frangit
432 1261 472 1296 et
502 1258 686 1296 incursus
719 1268 817 1307 quae
849 1256 1113 1307 praedelassat
1144 1268 1355 1307 aquarum.

241 1315 367 1354 Insilit
390 1315 468 1354 huc
483 1346 491 1354 .
522 1316 745 1366 mirumque
766 1315 841 1353 suit
858 1312 1070 1366 potuisse?
1100 1314 1274 1364 volabat,
1302 1323 1461 1350 ficlxviii.

241 1375 552 1424 Percutiensque
584 1373 709 1412 levem
740 1373 856 1411 modo
888 1375 989 1412 natis
1021 1376 1111 1412 aera
1142 1374 1307 1426 pennis,

243 1432 467 1483 stringebat
498 1444 671 1471 summas
703 1432 782 1471 ales
813 1431 1047 1471 miserabilis
1078 1431 1226 1485 undas,

241 1491 420 1542 Dumque
452 1490 583 1543 volat,
620 1496 769 1530 maesto
801 1490 967 1529 similem
998 1490 1237 1541 plenumque
1270 1491 1465 1543 querellae

154 1557 220 1590 735
242 1549 319 1589 Ora
351 1549 494 1588 dedere
526 1561 667 1588 sonum
698 1550 809 1588 tenui
840 1550 1071 1600 crepitantia
1101 1555 1253 1589 rostro.

241 1608 292 1647 Ut
322 1620 414 1647 vero
447 1609 575 1659 tetigit
605 1613 758 1647 mutum
791 1613 830 1646 et
861 1609 945 1646 sine
977 1609 1165 1659 sanguine
1198 1620 1365 1661 corpus,

240 1667 411 1706 Dilectos
443 1673 553 1705 artus
584 1666 760 1718 amplexa
789 1666 1017 1705 recentibus
1049 1667 1143 1718 alis,

240 1725 396 1777 Frigida
427 1726 667 1776 nequiquam
698 1725 796 1764 duro
829 1724 936 1763 dedit
967 1725 1099 1764 oscula
1130 1730 1282 1764 rostro.

243 1784 420 1823 Senserit
450 1783 525 1822 hoc
557 1783 690 1836 Ceyx,
722 1795 770 1822 an
801 1783 951 1822 vultum
983 1783 1154 1823 motibus
1186 1783 1312 1823 undae

154 1851 221 1883 740
241 1842 396 1881 Tollere
428 1843 479 1881 sit
509 1843 616 1881 visus
634 1874 645 1894 ‚
676 1841 844 1894 populus
876 1841 1106 1881 dubitabat.
1144 1848 1182 1881 at
1212 1842 1276 1881 ille

243 1901 456 1940 Senserat.
496 1906 535 1940 et
566 1900 751 1953 tandem,
783 1902 937 1952 superis
969 1900 1247 1940 miserantibus
1266 1932 1278 1953 ,
1310 1900 1423 1942 ambo

242 1960 340 1999 Alite
371 1964 604 1999 mutantur.
641 1960 730 1998 fatis
762 1958 953 1998 obnoxius
985 1958 1110 1998 isdem
1315 1968 1447 1995 [01xe

242 2019 353 2057 Tunc
385 2030 541 2069 quoque
573 2019 716 2057 mansit
747 2029 884 2071 amor,
915 2029 988 2056 nec
1020 2017 1236 2068 coniugiale
1270 2017 1440 2059 solutum

241 2076 394 2116 Foedus
426 2079 467 2116 in
499 2076 684 2116 alitibus.
724 2081 896 2128 coeunt,
927 2076 1104 2127 fiuntque
1135 2082 1343 2128 parentes:

155 2143 220 2174 745
242 2135 395 2186 Perque
428 2135 512 2174 dies
543 2134 716 2187 placidos
747 2134 913 2174 hibern-o
945 2140 1122 2186 tempore
1155 2141 1306 2186 septem

242 2193 405 2233 Incubat
435 2193 604 2245 Alcyone
636 2193 899 2245 pendentibus
931 2205 1101 2244 aequore
1133 2192 1258 2233 nidis.

241 2251 353 2290 Tunc
384 2254 484 2291 iacet
516 2251 620 2291 unda
651 2253 798 2291 maris.
836 2256 974 2291 ventos
1006 2251 1179 2290 custodit
1210 2258 1250 2291 et
1280 2258 1387 2292 arcet

241 2309 383 2348 Aeolus
415 2322 607 2363 egressu,
638 2315 889 2362 praestatque
921 2309 1130 2362 nepotibus
1162 2321 1332 2363 aequor.
