1554 2563
549 117 600 152 IX
617 145 626 162 ‚
653 121 837 153 506—579
854 145 860 152 .
1017 131 1138 153 BYBms
1292 116 1374 159 189

152 227 401 278 pugnavique
434 226 500 267 diu
532 227 699 267 violenta
731 227 931 279 Cupidinis
964 240 1077 269 arma.

152 286 333 337 Effugere
365 286 528 338 infelix,
561 292 600 326 et
630 287 718 338 plus
737 318 748 338 ,
781 299 896 338 quarn
929 287 1033 326 serre
1065 286 1235 339 puellam

65 352 131 384 545
153 344 272 384 Posse
303 350 449 397 puteS,
481 357 552 396 ego
585 344 682 384 dura
713 345 813 384 tuli.
853 352 1035 397 superata
1066 346 1180 385 fateri

153 403 308 456 Cogor,
341 415 534 455 opemque
566 409 672 443 tuam
704 404 849 442 timidis
883 416 1095 455 exposcere
1128 405 1250 443 votis.

152 461 210 501 Tu
245 474 400 501 servare
432 468 544 514 potes
568 494 580 515 ,
611 469 654 502 tu
685 462 852 514 perdere
885 463 991 501 solus
1024 468 1239 502 amantem.

154 520 262 572 Elige
281 553 292 573 ‚
325 527 459 560 utrum
491 522 636 560 facias.
676 533 753 560 non
786 521 859 560 hoc
891 523 1046 560 inimica
1078 528 1288 573 precatur,

155 579 230 618 Sed
265 591 363 630 quae
383 611 394 632 ‚
427 592 516 618 cum
548 579 620 619 tibi
652 581 703 618 sit
733 581 976 619 iunctissima
995 612 1006 632 ‚
1038 581 1210 619 iunctior
1242 591 1328 619 esse

66 645 133 678 550
152 638 311 690 Expetit
343 644 382 677 et
412 638 538 677 vinclo
571 645 702 678 tecum
734 641 919 690 propiore
951 639 1084 690 ligari.

154 697 242 736 lura
274 709 388 736 senes
420 699 582 750 norint,
614 703 653 736 et
686 697 778 748 quid
811 698 1002 749 liceatque
1035 699 1223 748 nefasque

153 755 305 807 Fasque
337 757 416 809 sit,
447 757 677 809 inquirant,
707 757 917 808 legumque
950 758 1126 795 examina
1159 762 1336 796 servent.

154 814 398 854 Conveniens
430 814 560 854 Venus
593 820 653 854 est
684 817 796 854 annis
827 817 1033 854 temeraria
1066 817 1235 855 nostris.

154 873 255 919 Quid
288 873 430 926 liceat,
462 875 660 912 nescimus
692 873 817 913 adhuc
836 906 847 926 ‚
880 880 919 913 et
950 880 1090 913 cuncta
1122 874 1242 912 licere

67 939 134 971 555
156 932 361 971 Credimus
380 964 391 984 ‚
424 937 463 971 et
494 934 697 983 sequimur
729 944 959 983 magnorum
991 932 1167 984 exempla
1188 932 1375 971 deorum.

153 991 234 1030 Nec
266 1004 337 1030 nos
370 997 436 1030 aut
467 991 590 1030 durus
621 997 732 1042 pater
764 998 831 1030 aut
862 992 1081 1030 reverentia
1113 992 1235 1029 famae

155 1051 232 1089 Aut
263 1052 380 1089 timor
412 1050 656 1101 impedient:
687 1056 838 1089 tantum
871 1051 922 1089 sit
953 1062 1069 1089 causa
1100 1049 1286 1089 timendi.

154 1108 289 1148 Dulcia
321 1109 494 1148 fraterno
527 1108 599 1148 sub
632 1110 789 1147 nomine
822 1109 925 1147 furta
958 1116 1158 1159 tegemus.

154 1167 226 1206 Est
256 1167 352 1206 mihi
383 1167 542 1206 libertas
575 1174 705 1206 tecum
738 1174 889 1206 secreta
920 1167 1137 1219 loquendi,

68 1232 135 1265 560
154 1225 204 1265 Et
235 1226 371 1265 damus
403 1226 603 1278 amplexus
622 1258 632 1278 ‚
665 1233 704 1265 et
735 1227 932 1277 iungimus
965 1226 1098 1265 oscula
1130 1237 1283 1264 coram.

156 1285 353 1331 Quantum
374 1291 462 1338 est,
495 1285 596 1336 quod
631 1282 772 1324 desit?
797 1286 984 1324 miserere
1006 1285 1164 1324 fatentis
1184 1296 1379 1337 amorem,

155 1343 205 1382 Et
236 1356 313 1382 non
346 1344 520 1383 sassurae
540 1375 551 1396 ,
583 1345 658 1382 nisi
691 1350 851 1395 cogeret
881 1343 1042 1382 ultimus
1074 1343 1214 1383 ardor:

155 1401 260 1441 Neve
293 1414 445 1442 merere
477 1414 564 1441 meo
597 1402 792 1441 subscribi
825 1414 940 1442 causa
966 1401 1176 1454 sepulchro
1191 1397 1216 1441 .’

156 1461 262 1500 Talia
293 1463 530 1512 nequiquam
562 1467 809 1512 perarantem
840 1461 955 1512 plena
986 1460 1146 1511 reliquit

70 1527 136 1559 5235
157 1519 255 1559 Cera
274 1532 456 1572 manum,
477 1531 733 1570 summusque
758 1521 799 1558 in
825 1520 998 1570 margine
1019 1531 1157 1558 versus
1185 1518 1379 1558 adhaesit.

157 1578 344 1618 Protinus
376 1580 566 1630 impressa
598 1579 724 1630 signat
756 1589 824 1616 sua
858 1579 1021 1617 crimina
1053 1589 1228 1630 gemma,

159 1637 284 1683 Quam
316 1639 430 1677 tinxit
462 1636 661 1689 lacrimis3
700 1637 871 1688 linguam
903 1636 1101 1675 defecerat
1131 1648 1269 1677 umor:

158 1695 292 1747 Deque
325 1698 407 1736 suis
440 1707 563 1735 unum
595 1695 749 1734 famulis
780 1694 1007 1746 pudibunda
1039 1697 1210 1747 vocavit,

157 1753 207 1794 Et
238 1756 419 1806 pavidum
451 1754 621 1793 blandita
655 1751 729 1792 ‘ser
761 1753 829 1792 has
848 1785 859 1805 ,
892 1754 1078 1793 fidissime
1097 1785 1108 1806 ,
1140 1750 1294 1793 nostro'
1326 1775 1378 1781 —

49 1820 138 1865 ¹6¹70
157 1813 290 1865 Dixit,
321 1820 361 1853 et
392 1814 533 1853 adiecit
562 1812 678 1864 longo
710 1819 799 1864 post
830 1819 1006 1863 tempore
1039 1809 1204 1852 ‘fratri.’

159 1872 256 1911 Cum
289 1872 427 1925 daret,
459 1871 610 1923 elapsae
643 1871 822 1909 manibus
855 1872 1033 1910 cecidere
1064 1871 1251 1910 tabellae.

159 1929 298 1970 Omine
329 1931 483 1970 turbata
516 1936 606 1982 est,
637 1931 744 1968 misit
775 1935 932 1968 tamen.
971 1935 1058 1981 apta
1090 1931 1270 1968 minister

159 1988 351 2041 Tempora
384 1996 521 2028 nactus
554 1988 632 2027 adit
663 1988 860 2038 traditque
892 1987 1050 2027 latentia
1081 1986 1223 2026 verba.

159 2047 357 2087 Attonitus
390 2047 518 2087 subita
549 2048 700 2086 iuvenis
732 2046 979 2085 Maeandrius
1010 2047 1069 2084 ira

73 2112 139 2145 575
158 2105 307 2146 Proicit
337 2114 516 2158 acceptas
547 2105 648 2145 lecta
680 2105 754 2144 sibi
785 2111 895 2156 parte
928 2104 1112 2156 tabellas,

159 2163 309 2216 Vixque
341 2177 479 2205 manus
510 2166 686 2204 retinens
718 2163 950 2214 trepidantis
983 2163 1030 2201 ab
1063 2174 1131 2202 ore
1164 2162 1358 2215 ministri,

160 2219 278 2262 ‘Dum
308 2223 429 2276 licet,
461 2222 513 2263 ol
545 2224 686 2262 vetitae
720 2221 908 2261 scelerate
942 2220 1113 2260 libidinis
1145 2227 1306 2273 auctor,

158 2279 297 2334 Effuge
317 2279 342 2321 !’
374 2283 428 2321 ait
459 2279 542 2333 ‘qui
559 2312 571 2334 ‚
603 2282 636 2320 si
668 2286 848 2320 nostrum
879 2286 945 2319 tua
977 2280 1054 2319 sata
1084 2280 1276 2331 pudorem

159 2339 245 2379 Non
276 2339 479 2380 traherent
510 2351 643 2379 secum
661 2370 673 2391 ,
704 2351 850 2390 poenas
882 2338 976 2377 mihi
1008 2344 1134 2378 morte
1167 2338 1342 2377 dedisses
1356 2334 1380 2377 .'
