2912 4368
842 3436 873 3764 ws·.··212÷32÷25⁵2ss5-25·2
831 3067 868 3423 1'22-·2·7*-'·⁸=‘·‘*''1-J¹³⁴53;·*÷²,'²·³³'?
842 3050 855 3055 -·
834 2985 855 3038 ’Ψ

1261 1202 1315 1242 92
1491 1217 1635 1238 rer-snus
1813 1203 2025 1238 METAMM
2041 1232 2047 1237 .

1295 1320 1357 1350 135
1379 1311 1556 1351 Bactrius
1572 1313 1815 1364 Halcyoneus
1829 1346 1839 1365 ,
1861 1311 1972 1365 ‘hoc,
1993 1314 2095 1364 quod
2116 1310 2277 1365 premis'
2298 1315 2425 1365 inquit
2445 1311 2600 1353 ‘habeto

1381 1370 1433 1408 De
1468 1376 1524 1409 tot
1556 1373 1658 1423 agris
1690 1369 1833 1411 terrae'
1867 1384 2088 1423 corpusque
2122 1384 2316 1423 exsangue
2349 1372 2528 1423 reliquit.

1380 1429 1556 1479 Torquet
1587 1432 1626 1468 in
1658 1430 1763 1470 hunc
1795 1431 1945 1469 hastam
1978 1430 2099 1469 calido
2133 1430 2179 1469 de
2213 1430 2372 1469 vulnere
2406 1438 2553 1483 raptam

1380 1486 1490 1526 Ultor
1521 1488 1784 1541 Abantiades,
1817 1489 1942 1527 media
1975 1501 2072 1539 quae
2106 1501 2197 1527 nare
2230 1496 2385 1540 recepta

1381 1545 1540 1585 Cervice
1573 1554 1705 1587 exacta
1737 1554 1825 1599 est,
1858 1550 1896 1586 in
1928 1553 2139 1601 partesque
2173 1549 2317 1586 eminet
2349 1547 2501 1587 ambas.

1295 1611 1360 1641 140
1381 1603 1558 1656 Dumque
1580 1618 1736 1646 manum
1757 1606 1929 1645 Fortuna
1949 1608 2076 1657 iuvat,
2098 1605 2341 1657 Clytiumque
2364 1606 2576 1657 Claninque
2591 1639 2602 1658 ,

1380 1662 1501 1702 Matre
1535 1670 1638 1703 satos
1671 1678 1747 1704 una
1766 1697 1776 1716 ‚
1809 1665 1962 1703 diverso
1989 1664 2150 1703 vulnere
2184 1664 2307 1703 fudit.

1381 1720 1476 1760 Nam
1509 1722 1621 1774 Clytii
1654 1736 1723 1775 per
1756 1729 1968 1774 utrumque
2001 1724 2107 1774 gravi
2140 1722 2276 1762 librata
2309 1723 2453 1761 lacerto

1382 1779 1571 1820 Fraxinus
1604 1788 1687 1821 acta
1719 1783 1876 1821 femur:
1909 1781 2077 1820 iaculum
2111 1781 2238 1820 Clanis
2271 1794 2338 1820 ore
2372 1783 2600 1821 momordit.

1382 1837 1534 1878 Occidit
1566 1846 1605 1879 et
1637 1840 1805 1879 Celadon
1839 1840 2091 1879 Mendesius:
2123 1840 2266 1879 occidit
2298 1841 2484 1892 Astreus,

1296 1903 1360 1933 145
1381 1896 1502 1936 Matre
1534 1898 1779 1951 Palaestina,
1812 1898 1929 1937 dubio
1962 1900 2138 1950 genitore
2172 1904 2350 1937 creatus:

1382 1956 1624 2008 Aethionque
1658 1970 1772 2009 sagax
1806 1957 1999 2008 quondam
2032 1963 2193 1996 ventura
2226 1957 2380 2009 videre,

1382 2013 1493 2053 Tunc
1526 2028 1593 2054 ave
1626 2016 1813 2068 deceptus
1848 2016 1969 2055 salsa:
2002 2017 2184 2066 regisque
2217 2015 2407 2054 Thoactes

1383 2073 1559 2125 Armiger
1578 2107 1588 2127 ,
1621 2081 1660 2113 et
1691 2087 1803 2114 caeso
1836 2076 2012 2125 genitore
2044 2074 2197 2113 infamis
2230 2076 2415 2125 Agyrtes.

1383 2129 1474 2170 Plus
1494 2138 1624 2172 tamen
1645 2133 1831 2172 exhausto
1852 2139 2034 2184 superest
2053 2164 2060 2171 .
2094 2145 2259 2183 namque
2282 2132 2461 2172 omnibus
2484 2145 2601 2172 unum

1301 2197 1362 2227 150
1383 2189 1614 2242 Opprimere
1647 2198 1707 2230 est
1738 2194 1889 2231 animus
1910 2223 1918 2230 .
1958 2192 2157 2230 coniurata
2192 2191 2363 2242 undique
2395 2200 2568 2243 pugnant

1386 2248 1546 2299 Agmina
1578 2263 1649 2301 pro
1682 2263 1797 2289 causa
1830 2252 2013 2289 meritum
2045 2251 2283 2300 inpugnante
2316 2250 2531 2301 fidemque.

1384 2307 1463 2346 Hac
1496 2321 1566 2359 pro
1598 2315 1707 2360 parte
1741 2321 1853 2347 socer
1887 2310 2029 2346 frustra
2062 2309 2150 2359 pius
2182 2314 2221 2347 et
2252 2320 2350 2346 nova
2383 2311 2550 2347 coniunx

1384 2365 1479 2404 Cum
1514 2369 1710 2417 genetrice
1745 2369 1871 2406 favent
1905 2366 2130 2417 ululatuque
2163 2368 2257 2405 atria
2291 2366 2507 2418 complent.

1385 2424 1459 2462 Sed
1493 2438 1611 2464 sonus
1645 2438 1841 2465 armorum
1875 2431 2033 2476 superat
2064 2426 2310 2475 gemitusque
2344 2425 2573 2477 cadentum,

1299 2489 1362 2520 155
1383 2482 1633 2535 Pollutosque
1668 2484 1785 2523 semel
1820 2484 1940 2523 multo
1974 2483 2128 2521 Bellona
2161 2490 2320 2534 penates

1386 2541 1581 2593 Sanguine
1614 2543 1814 2593 perfundit
1846 2548 2105 2592 renovataque
2138 2542 2284 2593 proelia
2317 2544 2476 2580 miscet.

1384 2599 1598 2639 Circueunt
1630 2614 1750 2640 unum
1782 2601 1953 2639 Phineus
1986 2607 2025 2638 et.
2056 2600 2158 2638 mille
2192 2602 2317 2639 secuti

1384 2658 1529 2698 Phinea
1549 2691 1557 2699 .
1597 2660 1671 2699 tela
1704 2660 1832 2698 volant
1864 2659 2025 2698 hiberna
2058 2658 2243 2709 grandine
2276 2659 2387 2709 plura

1384 2717 1545 2756 Praeter
1578 2724 1788 2769 utrumqne
1822 2718 1921 2756 latus
1942 2723 2175 2769 praeterque
2197 2724 2235 2755 et
2255 2717 2385 2756 lumen
2407 2724 2446 2756 et
2465 2730 2601 2756 aures.

1300 2782 1363 2813 160
1383 2776 1560 2827 Applicat
1591 2777 1681 2815 hinc
1715 2789 1870 2815 umeros
1903 2776 1948 2814 ad
1981 2788 2140 2826 magnae
2173 2788 2262 2814 saxa
2290 2776 2515 2827 columnae,

1383 2834 1561 2885 Tutaque
1594 2841 1701 2886 terga
1733 2847 1874 2886 gerens
1907 2835 2144 2885 adversaque
2177 2835 2216 2872 in
2248 2836 2399 2885 agmina
2432 2847 2567 2873 versus

1385 2892 1562 2931 Sustinet
1593 2895 1784 2932 instantes
1805 2924 1813 2932 .
1852 2892 2020 2931 instabat
2052 2898 2161 2943 parte
2195 2894 2350 2931 sinistra

1385 2951 1607 2990 Chauonius
1640 2951 1845 3002 Molpeus,
1877 2952 2010 2989 dextra
2045 2950 2260 2989 Nabataeus
2294 2950 2507 2990 Ethemon.

1385 3010 1511 3060 Tigris
1544 3016 1587 3048 ut
1619 3011 1759 3048 auditis
1792 3010 1943 3047 diversa
1974 3009 2069 3047 valle
2102 3009 2268 3047 duorum

1301 3074 1363 3105 165
1385 3068 1618 3107 Extimulata
1652 3069 1750 3106 fame
1784 3067 1995 3118 mugitibus
2028 3073 2292 3106 armentorum

1384 3126 1546 3178 Nescit,
1579 3133 1667 3165 utro
1700 3128 1829 3178 potius
1862 3132 1978 3177 ruat,
2010 3132 2048 3164 et
2082 3137 2196 3164 ruere
2230 3126 2339 3165 ardet
2372 3134 2563 3176 utroque:

1386 3184 1450 3223 Sic
1483 3184 1624 3224 dubius
1657 3184 1854 3235 Perseus,
1886 3185 2020 3223 dextra
2054 3184 2206 3222 laevane
2241 3186 2418 3237 feratur,

1385 3243 1533 3294 Molpea
1567 3245 1719 3282 traiecti
1752 3244 1959 3281 summovit
1991 3242 2149 3280 vulnere
2184 3245 2334 3295 cruris,

1385 3300 1679 3352 Contentusque
1720 3303 1806 3351 fuga
1846 3308 1939 3340 est:
1978 3312 2104 3351 neque
2148 3302 2250 3339 enim
2289 3302 2353 3339 dat
2391 3308 2544 3352 tempus

2388 3359 2603 3411 Ethemon3

1298 3425 1363 3458 170
1385 3417 1460 3456 Sed
1494 3417 1588 3455 furit
1621 3425 1688 3470 et,
1721 3419 1883 3469 cupiens
1916 3417 1991 3456 alto
2024 3417 2115 3456 dare
2143 3417 2302 3456 vulnera
2335 3418 2456 3468 cono,
