1554 2563
580 114 629 150 Vi
647 142 656 159 ,
682 118 868 150 409—482
885 143 892 149 .
1038 126 1171 149 mooun
1321 114 1406 155 119

181 226 392 278 Cecropios
425 228 546 265 intrat
575 225 792 276 Piraeaque
822 224 935 264 litora
969 226 1110 276 tangit.

182 284 231 324 Ut
260 287 432 336 primum
464 285 592 323 soceri
623 284 711 323 data
743 285 853 335 copia
872 315 884 336 ‚
916 283 1077 323 dextera
1110 283 1269 323 dextrae

181 343 389 396 Iungitur,
421 350 460 382 et
491 344 618 382 fausto
651 344 911 382 committitur
942 344 1072 382 omine
1104 354 1257 381 sermo,

181 402 374 453 Coeperat
404 401 593 441 adventus
625 413 782 441 causam
800 432 811 453 ‚
838 401 1017 440 mandata
1048 401 1200 440 referre

95 468 161 500 450
182 460 366 512 Coniugis
384 492 395 513 ‚
428 466 467 499 et
498 460 646 499 celeres
678 461 819 499 missae
851 460 1045 512 spondere
1077 471 1286 499 recursus:

180 519 283 558 Ecce
316 521 421 558 venit
452 531 590 570 magno
624 519 730 557 dives
762 518 975 558 Philomela
1005 524 1170 570 paratu,

180 578 343 617 Divitior
375 579 499 617 forma
520 609 528 616 .
567 576 722 629 [quales
754 577 889 616 audire
922 577 1093 616 solemus

180 636 321 676 Naidas
353 642 393 676 et
424 636 587 688 dryadas
619 635 758 675 mediis
789 636 974 676 incedere
1005 636 1136 688 silvis,

183 695 224 734 Si
255 695 370 734 modo
403 695 471 734 des
503 694 579 734 illis
611 695 741 734 cultus
773 695 999 746 similesque
1030 700 1190 747 paratus
1205 693 1233 745 .]

95 761 160 792 455
181 753 267 793 Non
299 766 414 793 secus
447 755 594 793 exarsit
625 760 834 805 conspecta
868 755 1015 804 virgine
1048 753 1224 806 Tereus,

182 812 306 858 Quam
339 814 464 864 siquis
497 814 603 852 canis
634 814 765 863 ignem
798 812 993 864 subponat
1023 814 1177 865 aristis,

181 872 258 910 Aut
288 871 468 910 frondem
499 872 726 923 positasque
760 877 910 910 cremet
941 870 1149 910 faenilibus
1181 870 1347 910 herbas.

183 929 302 981 Digna
335 930 493 981 quidem
525 930 674 982 facies3
706 929 774 969 sed
807 936 847 969 et
876 929 982 969 hunc
1012 931 1145 969 innata
1174 929 1293 969 libido

183 988 445 1041 Exstimulat,
476 1000 724 1040 pronumque
756 1000 880 1040 genus
912 988 1140 1039 regionibus
1171 987 1247 1027 illis

94 1048 224 1086 400111
256 1046 448 1086 Venerem
481 1053 569 1087 est:
600 1047 737 1098 flagrat
768 1048 860 1086 vitio
892 1048 1099 1099 gentisque
1131 1059 1305 1098 suoque.

185 1106 357 1158 Impetus
390 1112 450 1145 est
481 1106 536 1145 1111
569 1107 756 1145 comitum
788 1117 1044 1157 corrumpere
1077 1117 1212 1145 curam

181 1165 435 1216 Nutricisque
466 1164 582 1204 fidem
602 1196 612 1216 ‚
644 1176 717 1203 nec
748 1176 828 1203 non
858 1163 1086 1215 ingentibus
1118 1165 1242 1216 ipsam

183 1223 402 1263 Sollicitare
434 1223 534 1263 datis
552 1255 564 1275 ‚
595 1229 800 1274 totumque
832 1223 1048 1274 inpendere
1080 1235 1270 1275 regnum3

181 1285 259 1322 Aut
290 1294 429 1334 rapere
461 1289 502 1321 et
532 1294 645 1321 saevo
678 1288 829 1334 raptam
860 1281 1072 1321 defendere
1104 1281 1230 1334 bello;

94 1348 162 1380 465
183 1340 233 1380 Et
263 1340 359 1380 nihil
392 1347 480 1393 est,
512 1341 616 1392 quod
649 1352 727 1379 non
759 1341 908 1380 effreno
940 1347 1078 1392 captus
1110 1352 1241 1379 amore

181 1402 322 1451 Ausit;
355 1412 427 1439 nec
460 1401 620 1451 capiunt
650 1399 821 1438 inclusas
852 1405 1014 1450 pectora
1044 1399 1240 1439 flammas.

183 1458 340 1510 Iamque
374 1470 502 1497 moras
534 1457 634 1497 male
665 1458 744 1497 fert
766 1489 778 1510 ,
810 1457 1031 1509 cupidoque
1063 1459 1277 1497 revertitur
1310 1470 1377 1497 ore

183 1517 239 1556 Ad
272 1517 451 1556 mandata
482 1516 658 1555 Procnes
677 1548 688 1568 ‚
714 1522 755 1555 et
785 1518 864 1567 agit
895 1528 964 1555 sua
996 1522 1083 1555 vota
1115 1515 1188 1555 sub
1214 1516 1300 1555 illa.

183 1575 410 1615 Facundum
442 1574 609 1614 faciebat
640 1586 779 1626 amor;
811 1577 1073 1625 quotiensque
1105 1574 1266 1626 rogabat

96 1643 164 1674 470
185 1634 357 1674 Ulterius
388 1636 492 1673 iusto
511 1665 522 1686 ,
553 1633 736 1684 Prognen
767 1634 820 1671 ita
851 1632 949 1671 velle
981 1632 1153 1672 serebat.

184 1693 342 1732 Addidit
372 1699 412 1732 et
442 1692 622 1731 lacrimas
640 1723 651 1743 ‚
682 1698 879 1742 tamquam
911 1692 1134 1731 mandasset
1165 1698 1205 1731 et
1234 1691 1341 1731 illas.

184 1751 261 1790 Pro
293 1752 456 1804 superi,
489 1757 678 1802 quantum
710 1749 888 1789 mortalia
918 1756 1078 1801 pectora
1110 1762 1248 1790 caecae

185 1809 319 1849 Noctis
350 1809 523 1849 habent!
556 1811 641 1861 ipso
674 1809 834 1847 sceleris
866 1808 1066 1848 molimine
1097 1808 1249 1848 Tereus

186 1869 369 1908 Creditur
402 1880 489 1908 esse
521 1870 610 1919 pins
643 1867 877 1918 laudemque
910 1879 930 1906 a
962 1869 1126 1906 crimine
1158 1869 1301 1907 sumit.

95 1936 163 1968 475
186 1927 287 1973 Quid
306 1959 317 1980 ,
349 1927 453 1979 quod
472 1926 577 1966 idem
595 1925 809 1965 Philomela
838 1927 947 1977 cupit
963 1957 974 1978 ,
1004 1927 1233 1977 patriosque
1252 1926 1409 1966 lacertis

184 1985 329 2025 Blanda
360 1992 500 2025 tenens
531 1997 719 2037 umeros,
750 1991 794 2024 ut
826 1990 887 2023 eat
918 1985 1048 2023 visura
1079 1996 1280 2038 sororem,

186 2044 339 2096 Perque
372 2056 482 2083 suam
514 2049 730 2095 contraque
763 2054 873 2082 suam
905 2044 1003 2093 petit
1033 2044 1118 2094 ipsa
1149 2042 1338 2083 salutem.

187 2103 346 2154 Spectat
377 2115 462 2142 eam
492 2102 644 2142 Tereus
662 2134 672 2154 ‚
703 2107 1099 2153 praecontrectatque
1131 2100 1322 2154 videndo,

187 2161 407 2213 Osculaque
440 2167 479 2201 et
510 2161 608 2200 collo
641 2160 881 2199 circumdata
911 2159 1094 2198 bracchia
1125 2171 1293 2199 cernens

97 2229 165 2261 480
187 2220 324 2259 01111113
355 2233 428 2272 pro
460 2219 628 2259 stimulis
661 2218 890 2269 facibusque
923 2217 1089 2269 ciboque
1121 2218 1268 2257 suroris

185 2280 365 2331 Accipit,
397 2284 436 2318 et
468 2280 649 2330 quotiens
680 2277 929 2328 amplectitur
959 2276 1023 2315 illa
1053 2283 1280 2329 parentem,

186 2337 283 2377 Esse
301 2349 444 2390 parens
465 2336 602 2376 vellet:
623 2358 677 2364 -
699 2348 826 2387 neque
848 2336 951 2374 enim
971 2336 1100 2375 minus
1119 2336 1266 2389 impius
1284 2343 1406 2375 esset.
