<?xml version="1.0" encoding="UTF-8"?>
<!DOCTYPE html PUBLIC "-//W3C//DTD XHTML 1.0 Transitional//EN"
    "http://www.w3.org/TR/xhtml1/DTD/xhtml1-transitional.dtd">
<html xmlns="http://www.w3.org/1999/xhtml" xml:lang="en" lang="en">
 <head>
  <title>
</title>
<meta http-equiv="Content-Type" content="text/html;charset=utf-8" />
  <meta name='ocr-system' content='tesseract 3.04.00' />
  <meta name='ocr-capabilities' content='ocr_page ocr_carea ocr_par ocr_line ocrx_word'/>
</head>
<body>
  <div class='ocr_page' id='page_1' title='image "./operaovid02oviduoft_0208.png"; bbox 0 0 1554 2563; ppageno 0'>
   <div class='ocr_carea' id='block_1_1' title="bbox 144 123 924 167">
    <p class='ocr_par' dir='ltr' id='par_1_1' title="bbox 144 123 924 167">
     <span class='ocr_line' id='line_1_1' title="bbox 144 123 924 167; baseline -0.001 -8"><span class='ocrx_word' id='word_1_1' title='bbox 144 126 225 166; x_wconf 78' lang='lat' dir='ltr'>13ss</span> <span class='ocrx_word' id='word_1_2' title='bbox 405 138 520 167; x_wconf 63' lang='lat' dir='ltr'>unum</span> <span class='ocrx_word' id='word_1_3' title='bbox 688 123 901 159; x_wconf 84' lang='lat' dir='ltr'>METAMM</span> <span class='ocrx_word' id='word_1_4' title='bbox 916 152 924 159; x_wconf 91' lang='lat'>.</span> 
     </span>
    </p>
   </div>
   <div class='ocr_carea' id='block_1_2' title="bbox 165 233 1478 1342">
    <p class='ocr_par' dir='ltr' id='par_1_2' title="bbox 165 233 1476 403">
     <span class='ocr_line' id='line_1_2' title="bbox 254 233 1476 288; baseline -0.001 -14"><span class='ocrx_word' id='word_1_5' title='bbox 254 235 323 274; x_wconf 91' lang='lat' dir='ltr'>His</span> <span class='ocrx_word' id='word_1_6' title='bbox 341 266 353 288; x_wconf 93' lang='lat'>,</span> <span class='ocrx_word' id='word_1_7' title='bbox 384 241 429 274; x_wconf 87' lang='lat' dir='ltr'>ut</span> <span class='ocrx_word' id='word_1_8' title='bbox 459 246 638 286; x_wconf 88' lang='lat' dir='ltr'>quaeque</span> <span class='ocrx_word' id='word_1_9' title='bbox 669 235 732 286; x_wconf 90' lang='lat' dir='ltr'>pia</span> <span class='ocrx_word' id='word_1_10' title='bbox 753 241 814 273; x_wconf 84' lang='lat' dir='ltr'>est</span> <span class='ocrx_word' id='word_1_11' title='bbox 831 266 842 287; x_wconf 89' lang='lat'>,</span> <span class='ocrx_word' id='word_1_12' title='bbox 873 233 1093 274; x_wconf 86' lang='lat' dir='ltr'>hortatibus</span> <span class='ocrx_word' id='word_1_13' title='bbox 1113 235 1231 286; x_wconf 90' lang='lat' dir='ltr'>impia</span> <span class='ocrx_word' id='word_1_14' title='bbox 1249 234 1375 286; x_wconf 89' lang='lat' dir='ltr'>prima</span> <span class='ocrx_word' id='word_1_15' title='bbox 1394 239 1476 286; x_wconf 77' lang='lat' dir='ltr'>est,</span> 
     </span>
     <span class='ocr_line' id='line_1_3' title="bbox 165 292 1476 346; baseline -0.002 -13"><span class='ocrx_word' id='word_1_16' title='bbox 165 301 233 333; x_wconf 83' lang='lat'>340</span> <span class='ocrx_word' id='word_1_17' title='bbox 254 293 323 344; x_wconf 91' lang='lat' dir='ltr'>[Et</span> <span class='ocrx_word' id='word_1_18' title='bbox 354 305 403 333; x_wconf 88' lang='lat' dir='ltr'>ne</span> <span class='ocrx_word' id='word_1_19' title='bbox 435 294 487 332; x_wconf 90' lang='lat' dir='ltr'>sit</span> <span class='ocrx_word' id='word_1_20' title='bbox 518 293 706 332; x_wconf 89' lang='lat' dir='ltr'>scelerata</span> <span class='ocrx_word' id='word_1_21' title='bbox 724 325 736 346; x_wconf 92' lang='lat'>,</span> <span class='ocrx_word' id='word_1_22' title='bbox 767 294 860 332; x_wconf 76' lang='lat' dir='ltr'>facit</span> <span class='ocrx_word' id='word_1_23' title='bbox 890 292 1047 332; x_wconf 83' lang='lat' dir='ltr'>scelus.</span> <span class='ocrx_word' id='word_1_24' title='bbox 1085 292 1187 332; x_wconf 89' lang='lat' dir='ltr'>haud</span> <span class='ocrx_word' id='word_1_25' title='bbox 1215 298 1344 332; x_wconf 90' lang='lat' dir='ltr'>tamen</span> <span class='ocrx_word' id='word_1_26' title='bbox 1374 293 1476 333; x_wconf 89' lang='lat' dir='ltr'>ictus</span> 
     </span>
     <span class='ocr_line' id='line_1_4' title="bbox 252 349 1388 403; baseline 0 -13"><span class='ocrx_word' id='word_1_27' title='bbox 252 352 338 391; x_wconf 89' lang='lat' dir='ltr'>Ulla</span> <span class='ocrx_word' id='word_1_28' title='bbox 368 364 461 391; x_wconf 89' lang='lat' dir='ltr'>suos</span> <span class='ocrx_word' id='word_1_29' title='bbox 493 358 671 403; x_wconf 86' lang='lat' dir='ltr'>spectare</span> <span class='ocrx_word' id='word_1_30' title='bbox 701 359 862 403; x_wconf 91' lang='lat' dir='ltr'>potest,</span> <span class='ocrx_word' id='word_1_31' title='bbox 893 351 1107 403; x_wconf 89' lang='lat' dir='ltr'>oculosque</span> <span class='ocrx_word' id='word_1_32' title='bbox 1137 351 1348 391; x_wconf 71' lang='lat' dir='ltr'>reflectunt</span> <span class='ocrx_word' id='word_1_33' title='bbox 1358 349 1388 403; x_wconf 90' lang='lat'>,]</span> 
     </span>
    </p>

    <p class='ocr_par' dir='ltr' id='par_1_3' title="bbox 254 409 1372 580">
     <span class='ocr_line' id='line_1_5' title="bbox 254 409 1318 462; baseline -0.001 -12"><span class='ocrx_word' id='word_1_34' title='bbox 254 411 454 462; x_wconf 84' lang='lat' dir='ltr'>Caecaque</span> <span class='ocrx_word' id='word_1_35' title='bbox 486 410 579 449; x_wconf 86' lang='lat' dir='ltr'>dant</span> <span class='ocrx_word' id='word_1_36' title='bbox 609 411 734 449; x_wconf 89' lang='lat' dir='ltr'>saevis</span> <span class='ocrx_word' id='word_1_37' title='bbox 765 422 922 449; x_wconf 88' lang='lat' dir='ltr'>aversae</span> <span class='ocrx_word' id='word_1_38' title='bbox 954 410 1115 449; x_wconf 92' lang='lat' dir='ltr'>vulnera</span> <span class='ocrx_word' id='word_1_39' title='bbox 1146 409 1318 449; x_wconf 81' lang='lat' dir='ltr'><strong>dextris.</strong></span> 
     </span>
     <span class='ocr_line' id='line_1_6' title="bbox 255 468 1372 522; baseline 0 -14"><span class='ocrx_word' id='word_1_40' title='bbox 255 469 321 508; x_wconf 86' lang='lat' dir='ltr'>[lle</span> <span class='ocrx_word' id='word_1_41' title='bbox 339 501 350 522; x_wconf 87' lang='lat'>,</span> <span class='ocrx_word' id='word_1_42' title='bbox 382 481 524 508; x_wconf 91' lang='lat' dir='ltr'>cruore</span> <span class='ocrx_word' id='word_1_43' title='bbox 555 469 682 508; x_wconf 87' lang='lat' dir='ltr'>ssuens</span> <span class='ocrx_word' id='word_1_44' title='bbox 699 500 711 522; x_wconf 87' lang='lat'>,</span> <span class='ocrx_word' id='word_1_45' title='bbox 743 468 875 508; x_wconf 89' lang='lat' dir='ltr'>cubito</span> <span class='ocrx_word' id='word_1_46' title='bbox 907 475 1038 508; x_wconf 89' lang='lat' dir='ltr'>tamen</span> <span class='ocrx_word' id='word_1_47' title='bbox 1070 468 1208 508; x_wconf 82' lang='lat' dir='ltr'>allevat</span> <span class='ocrx_word' id='word_1_48' title='bbox 1238 474 1372 522; x_wconf 88' lang='lat' dir='ltr'>artus,</span> 
     </span>
     <span class='ocr_line' id='line_1_7' title="bbox 256 528 1372 580; baseline -0.001 -13"><span class='ocrx_word' id='word_1_49' title='bbox 256 528 549 579; x_wconf 84' lang='lat' dir='ltr'>Semilacerque</span> <span class='ocrx_word' id='word_1_50' title='bbox 583 535 668 566; x_wconf 87' lang='lat' dir='ltr'>toro</span> <span class='ocrx_word' id='word_1_51' title='bbox 701 534 867 578; x_wconf 89' lang='lat' dir='ltr'>temptat</span> <span class='ocrx_word' id='word_1_52' title='bbox 897 539 1137 578; x_wconf 82' lang='lat' dir='ltr'>consurgere</span> <span class='ocrx_word' id='word_1_53' title='bbox 1156 559 1168 580; x_wconf 93' lang='lat'>,</span> <span class='ocrx_word' id='word_1_54' title='bbox 1199 533 1240 567; x_wconf 88' lang='lat' dir='ltr'>et</span> <span class='ocrx_word' id='word_1_55' title='bbox 1268 529 1372 567; x_wconf 89' lang='lat' dir='ltr'>inter</span> 
     </span>
    </p>

    <p class='ocr_par' dir='ltr' id='par_1_4' title="bbox 167 586 1384 875">
     <span class='ocr_line' id='line_1_8' title="bbox 167 586 1319 638; baseline -0.001 -12"><span class='ocrx_word' id='word_1_56' title='bbox 167 595 233 625; x_wconf 82' lang='grc'>345</span> <span class='ocrx_word' id='word_1_57' title='bbox 253 587 330 626; x_wconf 90' lang='lat' dir='ltr'>Tot</span> <span class='ocrx_word' id='word_1_58' title='bbox 361 587 514 626; x_wconf 90' lang='lat' dir='ltr'>medius</span> <span class='ocrx_word' id='word_1_59' title='bbox 546 586 694 638; x_wconf 83' lang='lat' dir='ltr'>gladios</span> <span class='ocrx_word' id='word_1_60' title='bbox 725 586 908 637; x_wconf 89' lang='lat' dir='ltr'>pallentia</span> <span class='ocrx_word' id='word_1_61' title='bbox 939 586 1122 625; x_wconf 89' lang='lat' dir='ltr'>bracchia</span> <span class='ocrx_word' id='word_1_62' title='bbox 1155 586 1319 625; x_wconf 86' lang='lat' dir='ltr'>tendens</span> 
     </span>
     <span class='ocr_line' id='line_1_9' title="bbox 255 643 1383 698; baseline -0.001 -14"><span class='ocrx_word' id='word_1_63' title='bbox 255 644 372 692; x_wconf 69' lang='lat' dir='ltr'>‘Quid</span> <span class='ocrx_word' id='word_1_64' title='bbox 405 647 534 685; x_wconf 85' lang='lat' dir='ltr'>facitis</span> <span class='ocrx_word' id='word_1_65' title='bbox 553 677 564 698; x_wconf 88' lang='lat'>‚</span> <span class='ocrx_word' id='word_1_66' title='bbox 595 651 732 696; x_wconf 82' lang='lat' dir='ltr'>gnatae</span> <span class='ocrx_word' id='word_1_67' title='bbox 752 643 774 683; x_wconf 68' lang='lat' dir='ltr'>P</span> <span class='ocrx_word' id='word_1_68' title='bbox 805 644 899 696; x_wconf 90' lang='lat' dir='ltr'>quid</span> <span class='ocrx_word' id='word_1_69' title='bbox 931 657 999 684; x_wconf 90' lang='lat' dir='ltr'>vos</span> <span class='ocrx_word' id='word_1_70' title='bbox 1030 647 1071 684; x_wconf 92' lang='lat' dir='ltr'>in</span> <span class='ocrx_word' id='word_1_71' title='bbox 1102 645 1178 684; x_wconf 80' lang='lat' dir='ltr'>fata</span> <span class='ocrx_word' id='word_1_72' title='bbox 1209 646 1383 696; x_wconf 87' lang='lat' dir='ltr'>parentis</span> 
     </span>
     <span class='ocr_line' id='line_1_10' title="bbox 254 701 1384 755; baseline -0.001 -12"><span class='ocrx_word' id='word_1_73' title='bbox 254 707 388 743; x_wconf 82' lang='lat' dir='ltr'>Armat</span> <span class='ocrx_word' id='word_1_74' title='bbox 407 701 443 744; x_wconf 60' lang='grc' dir='ltr'>’θ’</span> <span class='ocrx_word' id='word_1_75' title='bbox 475 705 555 743; x_wconf 88' lang='lat' dir='ltr'>ait.</span> <span class='ocrx_word' id='word_1_76' title='bbox 595 703 774 743; x_wconf 84' lang='lat' dir='ltr'>cecidere</span> <span class='ocrx_word' id='word_1_77' title='bbox 805 703 881 742; x_wconf 90' lang='lat' dir='ltr'>illis</span> <span class='ocrx_word' id='word_1_78' title='bbox 913 705 1111 755; x_wconf 87' lang='lat' dir='ltr'>animique</span> <span class='ocrx_word' id='word_1_79' title='bbox 1142 715 1384 755; x_wconf 89' lang='lat' dir='ltr'>manusque.</span> 
     </span>
     <span class='ocr_line' id='line_1_11' title="bbox 252 761 1244 813; baseline -0.001 -11"><span class='ocrx_word' id='word_1_80' title='bbox 252 763 371 802; x_wconf 85' lang='lat' dir='ltr'>Plura</span> <span class='ocrx_word' id='word_1_81' title='bbox 402 763 583 802; x_wconf 81' lang='lat' dir='ltr'>locuturo</span> <span class='ocrx_word' id='word_1_82' title='bbox 616 774 706 801; x_wconf 89' lang='lat' dir='ltr'>cum</span> <span class='ocrx_word' id='word_1_83' title='bbox 737 761 867 801; x_wconf 89' lang='lat' dir='ltr'>verbis</span> <span class='ocrx_word' id='word_1_84' title='bbox 898 768 1058 813; x_wconf 82' lang='lat' dir='ltr'>guttura</span> <span class='ocrx_word' id='word_1_85' title='bbox 1089 761 1244 801; x_wconf 86' lang='lat' dir='ltr'>Colchis</span> 
     </span>
     <span class='ocr_line' id='line_1_12' title="bbox 253 821 1313 875; baseline -0.001 -14"><span class='ocrx_word' id='word_1_86' title='bbox 253 821 447 875; x_wconf 83' lang='lat' dir='ltr'>Abstulit,</span> <span class='ocrx_word' id='word_1_87' title='bbox 478 828 519 860; x_wconf 91' lang='lat' dir='ltr'>et</span> <span class='ocrx_word' id='word_1_88' title='bbox 549 821 683 860; x_wconf 82' lang='lat' dir='ltr'>calidis</span> <span class='ocrx_word' id='word_1_89' title='bbox 715 821 901 860; x_wconf 88' lang='lat' dir='ltr'>laniatum</span> <span class='ocrx_word' id='word_1_90' title='bbox 934 822 1072 860; x_wconf 79' lang='lat' dir='ltr'>mersit</span> <span class='ocrx_word' id='word_1_91' title='bbox 1101 823 1142 860; x_wconf 90' lang='lat' dir='ltr'>in</span> <span class='ocrx_word' id='word_1_92' title='bbox 1174 821 1313 860; x_wconf 91' lang='lat' dir='ltr'>undis.</span> 
     </span>
    </p>

    <p class='ocr_par' dir='ltr' id='par_1_5' title="bbox 165 879 1478 1166">
     <span class='ocr_line' id='line_1_13' title="bbox 165 879 1396 932; baseline -0.001 -13"><span class='ocrx_word' id='word_1_93' title='bbox 165 889 233 920; x_wconf 77' lang='lat'>350</span> <span class='ocrx_word' id='word_1_94' title='bbox 313 880 427 926; x_wconf 92' lang='lat' dir='ltr'>Quod</span> <span class='ocrx_word' id='word_1_95' title='bbox 458 881 535 919; x_wconf 89' lang='lat' dir='ltr'>nisi</span> <span class='ocrx_word' id='word_1_96' title='bbox 565 881 745 931; x_wconf 88' lang='lat' dir='ltr'>pennatis</span> <span class='ocrx_word' id='word_1_97' title='bbox 778 879 1028 931; x_wconf 77' lang='lat' dir='ltr'>serpentibus</span> <span class='ocrx_word' id='word_1_98' title='bbox 1059 881 1156 919; x_wconf 88' lang='lat' dir='ltr'>isset</span> <span class='ocrx_word' id='word_1_99' title='bbox 1185 881 1227 918; x_wconf 93' lang='lat' dir='ltr'>in</span> <span class='ocrx_word' id='word_1_100' title='bbox 1258 891 1396 932; x_wconf 89' lang='lat' dir='ltr'>auras,</span> 
     </span>
     <span class='ocr_line' id='line_1_14' title="bbox 253 938 1368 990; baseline -0.001 -12"><span class='ocrx_word' id='word_1_101' title='bbox 253 939 339 978; x_wconf 86' lang='lat' dir='ltr'>Non</span> <span class='ocrx_word' id='word_1_102' title='bbox 372 946 551 990; x_wconf 87' lang='lat' dir='ltr'>exempta</span> <span class='ocrx_word' id='word_1_103' title='bbox 582 939 685 978; x_wconf 85' lang='lat' dir='ltr'>foret</span> <span class='ocrx_word' id='word_1_104' title='bbox 714 950 864 990; x_wconf 89' lang='lat' dir='ltr'>poenae</span> <span class='ocrx_word' id='word_1_105' title='bbox 884 969 893 977; x_wconf 93' lang='lat'><strong><em>.</em></strong></span> <span class='ocrx_word' id='word_1_106' title='bbox 931 939 1031 990; x_wconf 84' lang='lat' dir='ltr'>fugit</span> <span class='ocrx_word' id='word_1_107' title='bbox 1062 938 1137 978; x_wconf 88' lang='lat' dir='ltr'>alta</span> <span class='ocrx_word' id='word_1_108' title='bbox 1169 950 1368 990; x_wconf 89' lang='lat' dir='ltr'>superque</span> 
     </span>
     <span class='ocr_line' id='line_1_15' title="bbox 252 997 1298 1050; baseline 0 -14"><span class='ocrx_word' id='word_1_109' title='bbox 252 998 387 1037; x_wconf 88' lang='lat' dir='ltr'>Pelion</span> <span class='ocrx_word' id='word_1_110' title='bbox 420 998 681 1050; x_wconf 91' lang='lat' dir='ltr'>umbrosum,</span> <span class='ocrx_word' id='word_1_111' title='bbox 711 997 906 1049; x_wconf 82' lang='lat' dir='ltr'>Philyreia</span> <span class='ocrx_word' id='word_1_112' title='bbox 936 1002 1038 1036; x_wconf 89' lang='lat' dir='ltr'>tecta</span> <span class='ocrx_word' id='word_1_113' title='bbox 1056 1029 1068 1050; x_wconf 98' lang='lat'>,</span> <span class='ocrx_word' id='word_1_114' title='bbox 1099 1009 1298 1049; x_wconf 90' lang='lat' dir='ltr'>superque</span> 
     </span>
     <span class='ocr_line' id='line_1_16' title="bbox 253 1054 1478 1108; baseline -0.001 -13"><span class='ocrx_word' id='word_1_115' title='bbox 253 1056 404 1108; x_wconf 85' lang='lat' dir='ltr'>Othryn</span> <span class='ocrx_word' id='word_1_116' title='bbox 437 1064 476 1095; x_wconf 92' lang='lat' dir='ltr'>et</span> <span class='ocrx_word' id='word_1_117' title='bbox 507 1062 649 1095; x_wconf 91' lang='lat' dir='ltr'>eventu</span> <span class='ocrx_word' id='word_1_118' title='bbox 680 1058 824 1095; x_wconf 87' lang='lat' dir='ltr'>veteris</span> <span class='ocrx_word' id='word_1_119' title='bbox 854 1056 939 1095; x_wconf 88' lang='lat' dir='ltr'>loca</span> <span class='ocrx_word' id='word_1_120' title='bbox 969 1062 1062 1096; x_wconf 89' lang='lat' dir='ltr'>nota</span> <span class='ocrx_word' id='word_1_121' title='bbox 1093 1054 1295 1095; x_wconf 85' lang='lat' dir='ltr'>Cerambi.</span> <span class='ocrx_word' id='word_1_122' title='bbox 1343 1064 1369 1091; x_wconf 73' lang='lat' dir='ltr'>f.</span> <span class='ocrx_word' id='word_1_123' title='bbox 1391 1063 1478 1090; x_wconf 71' lang='lat' dir='ltr'>xcix·</span> 
     </span>
     <span class='ocr_line' id='line_1_17' title="bbox 254 1114 1297 1166; baseline -0.001 -12"><span class='ocrx_word' id='word_1_124' title='bbox 254 1115 326 1154; x_wconf 88' lang='lat' dir='ltr'>Hic</span> <span class='ocrx_word' id='word_1_125' title='bbox 358 1128 432 1166; x_wconf 90' lang='lat' dir='ltr'>ope</span> <span class='ocrx_word' id='word_1_126' title='bbox 465 1116 723 1166; x_wconf 82' lang='lat' dir='ltr'>nympharum</span> <span class='ocrx_word' id='word_1_127' title='bbox 756 1114 933 1153; x_wconf 88' lang='lat' dir='ltr'>sublatus</span> <span class='ocrx_word' id='word_1_128' title='bbox 964 1116 1005 1154; x_wconf 88' lang='lat' dir='ltr'>in</span> <span class='ocrx_word' id='word_1_129' title='bbox 1037 1118 1126 1154; x_wconf 74' lang='lat' dir='ltr'>aera</span> <span class='ocrx_word' id='word_1_130' title='bbox 1157 1115 1297 1165; x_wconf 90' lang='lat' dir='ltr'>pennis</span> 
     </span>
    </p>

    <p class='ocr_par' dir='ltr' id='par_1_6' title="bbox 166 1173 1302 1283">
     <span class='ocr_line' id='line_1_18' title="bbox 166 1173 1302 1224; baseline 0.001 -13"><span class='ocrx_word' id='word_1_131' title='bbox 166 1181 233 1212; x_wconf 75' lang='lat'>355</span> <span class='ocrx_word' id='word_1_132' title='bbox 255 1173 353 1213; x_wconf 92' lang='lat' dir='ltr'>Cum</span> <span class='ocrx_word' id='word_1_133' title='bbox 385 1175 512 1224; x_wconf 86' lang='lat' dir='ltr'>gravis</span> <span class='ocrx_word' id='word_1_134' title='bbox 545 1175 674 1212; x_wconf 80' lang='lat' dir='ltr'>infuso</span> <span class='ocrx_word' id='word_1_135' title='bbox 706 1173 822 1212; x_wconf 89' lang='lat' dir='ltr'>tellus</span> <span class='ocrx_word' id='word_1_136' title='bbox 854 1176 957 1212; x_wconf 79' lang='lat' dir='ltr'>foret</span> <span class='ocrx_word' id='word_1_137' title='bbox 988 1173 1127 1212; x_wconf 89' lang='lat' dir='ltr'>obruta</span> <span class='ocrx_word' id='word_1_138' title='bbox 1158 1178 1302 1224; x_wconf 83' lang='lat' dir='ltr'>ponto,</span> 
     </span>
     <span class='ocr_line' id='line_1_19' title="bbox 253 1231 1120 1283; baseline -0.001 -12"><span class='ocrx_word' id='word_1_139' title='bbox 253 1232 532 1271; x_wconf 87' lang='lat' dir='ltr'>Deucalioneas</span> <span class='ocrx_word' id='word_1_140' title='bbox 565 1233 701 1283; x_wconf 79' lang='lat' dir='ltr'>effugit</span> <span class='ocrx_word' id='word_1_141' title='bbox 731 1231 940 1270; x_wconf 87' lang='lat' dir='ltr'>inobrutus</span> <span class='ocrx_word' id='word_1_142' title='bbox 972 1232 1120 1270; x_wconf 91' lang='lat' dir='ltr'>undas.</span> 
     </span>
    </p>

    <p class='ocr_par' dir='ltr' id='par_1_7' title="bbox 253 1290 1175 1342">
     <span class='ocr_line' id='line_1_20' title="bbox 253 1290 1175 1342; baseline -0.001 -12"><span class='ocrx_word' id='word_1_143' title='bbox 253 1291 425 1330; x_wconf 88' lang='lat' dir='ltr'>Aeoliam</span> <span class='ocrx_word' id='word_1_144' title='bbox 456 1290 621 1329; x_wconf 83' lang='lat' dir='ltr'>Pitanen</span> <span class='ocrx_word' id='word_1_145' title='bbox 653 1302 673 1328; x_wconf 90' lang='lat' dir='ltr'>a</span> <span class='ocrx_word' id='word_1_146' title='bbox 705 1290 812 1329; x_wconf 90' lang='lat' dir='ltr'>laeva</span> <span class='ocrx_word' id='word_1_147' title='bbox 842 1296 954 1342; x_wconf 91' lang='lat' dir='ltr'>parte</span> <span class='ocrx_word' id='word_1_148' title='bbox 986 1290 1175 1341; x_wconf 88' lang='lat' dir='ltr'>relinquit</span> 
     </span>
    </p>
   </div>
   <div class='ocr_carea' id='block_1_3' title="bbox 165 1348 1480 1577">
    <p class='ocr_par' dir='ltr' id='par_1_8' title="bbox 252 1348 1477 1460">
     <span class='ocr_line' id='line_1_21' title="bbox 253 1348 1477 1401; baseline -0.001 -12"><span class='ocrx_word' id='word_1_149' title='bbox 253 1349 448 1401; x_wconf 84' lang='lat' dir='ltr'>Factaque</span> <span class='ocrx_word' id='word_1_150' title='bbox 480 1350 528 1387; x_wconf 91' lang='lat' dir='ltr'>de</span> <span class='ocrx_word' id='word_1_151' title='bbox 560 1362 651 1387; x_wconf 83' lang='lat' dir='ltr'>saxo</span> <span class='ocrx_word' id='word_1_152' title='bbox 683 1349 788 1400; x_wconf 86' lang='lat' dir='ltr'>longi</span> <span class='ocrx_word' id='word_1_153' title='bbox 820 1348 1027 1387; x_wconf 87' lang='lat' dir='ltr'>simulacra</span> <span class='ocrx_word' id='word_1_154' title='bbox 1058 1349 1262 1388; x_wconf 86' lang='lat' dir='ltr'>draconis:</span> <span class='ocrx_word' id='word_1_155' title='bbox 1398 1357 1426 1382; x_wconf 74' lang='lat' dir='ltr'>t·</span> <span class='ocrx_word' id='word_1_156' title='bbox 1446 1364 1477 1383; x_wconf 79' lang='grc' dir='ltr'>ο.</span> 
     </span>
     <span class='ocr_line' id='line_1_22' title="bbox 252 1407 1317 1460; baseline -0.001 -13"><span class='ocrx_word' id='word_1_157' title='bbox 252 1407 490 1459; x_wconf 89' lang='lat' dir='ltr'>Idaeumque</span> <span class='ocrx_word' id='word_1_158' title='bbox 522 1420 661 1446; x_wconf 83' lang='lat' dir='ltr'>nemus</span> <span class='ocrx_word' id='word_1_159' title='bbox 679 1439 691 1460; x_wconf 96' lang='lat'>,</span> <span class='ocrx_word' id='word_1_160' title='bbox 723 1419 800 1458; x_wconf 89' lang='lat' dir='ltr'>quo</span> <span class='ocrx_word' id='word_1_161' title='bbox 832 1409 912 1446; x_wconf 87' lang='lat' dir='ltr'>nati</span> <span class='ocrx_word' id='word_1_162' title='bbox 945 1407 1048 1447; x_wconf 85' lang='lat' dir='ltr'>furta</span> <span class='ocrx_word' id='word_1_163' title='bbox 1067 1438 1078 1460; x_wconf 92' lang='lat'>,</span> <span class='ocrx_word' id='word_1_164' title='bbox 1108 1408 1317 1446; x_wconf 88' lang='lat' dir='ltr'>iuvencum</span> 
     </span>
    </p>

    <p class='ocr_par' dir='ltr' id='par_1_9' title="bbox 165 1466 1480 1577">
     <span class='ocr_line' id='line_1_23' title="bbox 165 1466 1478 1517; baseline -0.003 -11"><span class='ocrx_word' id='word_1_165' title='bbox 165 1474 233 1506; x_wconf 78' lang='lat'>360</span> <span class='ocrx_word' id='word_1_166' title='bbox 253 1466 437 1506; x_wconf 89' lang='lat' dir='ltr'>Occuluit</span> <span class='ocrx_word' id='word_1_167' title='bbox 467 1466 584 1505; x_wconf 91' lang='lat' dir='ltr'>Liber</span> <span class='ocrx_word' id='word_1_168' title='bbox 615 1466 701 1504; x_wconf 87' lang='lat' dir='ltr'>falsi</span> <span class='ocrx_word' id='word_1_169' title='bbox 733 1466 806 1505; x_wconf 93' lang='lat' dir='ltr'>sub</span> <span class='ocrx_word' id='word_1_170' title='bbox 837 1467 1005 1517; x_wconf 85' lang='lat' dir='ltr'>imagine</span> <span class='ocrx_word' id='word_1_171' title='bbox 1038 1468 1166 1505; x_wconf 84' lang='lat' dir='ltr'>cervi:</span> <span class='ocrx_word' id='word_1_172' title='bbox 1387 1476 1415 1501; x_wconf 76' lang='grc' dir='ltr'>ι.</span> <span class='ocrx_word' id='word_1_173' title='bbox 1435 1475 1478 1502; x_wconf 74' lang='grc' dir='ltr'>οι.</span> 
     </span>
     <span class='ocr_line' id='line_1_24' title="bbox 253 1523 1480 1577; baseline -0.002 -12"><span class='ocrx_word' id='word_1_174' title='bbox 253 1525 416 1577; x_wconf 88' lang='lat' dir='ltr'>Quaque</span> <span class='ocrx_word' id='word_1_175' title='bbox 448 1532 558 1576; x_wconf 89' lang='lat' dir='ltr'>pater</span> <span class='ocrx_word' id='word_1_176' title='bbox 591 1524 749 1576; x_wconf 87' lang='lat' dir='ltr'>Corythi</span> <span class='ocrx_word' id='word_1_177' title='bbox 780 1536 898 1576; x_wconf 89' lang='lat' dir='ltr'>parva</span> <span class='ocrx_word' id='word_1_178' title='bbox 929 1523 1144 1564; x_wconf 89' lang='lat' dir='ltr'>tumulatus</span> <span class='ocrx_word' id='word_1_179' title='bbox 1175 1525 1342 1564; x_wconf 89' lang='lat' dir='ltr'>harena:</span> <span class='ocrx_word' id='word_1_180' title='bbox 1377 1533 1403 1559; x_wconf 77' lang='lat' dir='ltr'>f.</span> <span class='ocrx_word' id='word_1_181' title='bbox 1423 1533 1480 1560; x_wconf 73' lang='lat' dir='ltr'>eii.</span> 
     </span>
    </p>
   </div>
   <div class='ocr_carea' id='block_1_4' title="bbox 166 1583 1480 2395">
    <p class='ocr_par' dir='ltr' id='par_1_10' title="bbox 166 1583 1480 2395">
     <span class='ocr_line' id='line_1_25' title="bbox 252 1583 1479 1635; baseline 0 -12"><span class='ocrx_word' id='word_1_182' title='bbox 252 1583 303 1623; x_wconf 89' lang='lat' dir='ltr'>Et</span> <span class='ocrx_word' id='word_1_183' title='bbox 333 1596 433 1635; x_wconf 88' lang='lat' dir='ltr'>quos</span> <span class='ocrx_word' id='word_1_184' title='bbox 464 1583 592 1622; x_wconf 89' lang='lat' dir='ltr'>Maera</span> <span class='ocrx_word' id='word_1_185' title='bbox 624 1595 724 1622; x_wconf 90' lang='lat' dir='ltr'>novo</span> <span class='ocrx_word' id='word_1_186' title='bbox 756 1583 898 1622; x_wconf 89' lang='lat' dir='ltr'>latratu</span> <span class='ocrx_word' id='word_1_187' title='bbox 930 1584 1073 1622; x_wconf 89' lang='lat' dir='ltr'>terruit</span> <span class='ocrx_word' id='word_1_188' title='bbox 1104 1595 1242 1634; x_wconf 87' lang='lat' dir='ltr'>agros:</span> <span class='ocrx_word' id='word_1_189' title='bbox 1362 1592 1392 1619; x_wconf 72' lang='lat'>¹.</span> <span class='ocrx_word' id='word_1_190' title='bbox 1413 1592 1479 1618; x_wconf 71' lang='lat' dir='ltr'>eiii·</span> 
     </span>
     <span class='ocr_line' id='line_1_26' title="bbox 252 1641 1478 1694; baseline 0 -13"><span class='ocrx_word' id='word_1_191' title='bbox 252 1642 517 1694; x_wconf 88' lang='lat' dir='ltr'>Eurypylique</span> <span class='ocrx_word' id='word_1_192' title='bbox 552 1641 718 1694; x_wconf 88' lang='lat' dir='ltr'>urbem,</span> <span class='ocrx_word' id='word_1_193' title='bbox 751 1653 824 1693; x_wconf 84' lang='lat' dir='ltr'>qua</span> <span class='ocrx_word' id='word_1_194' title='bbox 858 1641 958 1681; x_wconf 90' lang='lat' dir='ltr'>Coae</span> <span class='ocrx_word' id='word_1_195' title='bbox 990 1653 1137 1681; x_wconf 90' lang='lat' dir='ltr'>cornua</span> <span class='ocrx_word' id='word_1_196' title='bbox 1169 1647 1314 1681; x_wconf 90' lang='lat' dir='ltr'>matres</span> <span class='ocrx_word' id='word_1_197' title='bbox 1364 1651 1391 1677; x_wconf 77' lang='lat' dir='ltr'>t.</span> <span class='ocrx_word' id='word_1_198' title='bbox 1411 1650 1478 1677; x_wconf 79' lang='lat' dir='ltr'>oiv-</span> 
     </span>
     <span class='ocr_line' id='line_1_27' title="bbox 255 1699 1367 1752; baseline 0 -12"><span class='ocrx_word' id='word_1_199' title='bbox 255 1701 473 1740; x_wconf 83' lang='lat' dir='ltr'>Cesserunt</span> <span class='ocrx_word' id='word_1_200' title='bbox 505 1707 587 1739; x_wconf 89' lang='lat' dir='ltr'>tum</span> <span class='ocrx_word' id='word_1_201' title='bbox 621 1713 710 1739; x_wconf 88' lang='lat' dir='ltr'>cum</span> <span class='ocrx_word' id='word_1_202' title='bbox 743 1700 964 1739; x_wconf 84' lang='lat' dir='ltr'>discederet</span> <span class='ocrx_word' id='word_1_203' title='bbox 994 1699 1175 1739; x_wconf 90' lang='lat' dir='ltr'>Her-culis</span> <span class='ocrx_word' id='word_1_204' title='bbox 1206 1713 1367 1752; x_wconf 86' lang='lat' dir='ltr'>agmen:</span> 
     </span>
     <span class='ocr_line' id='line_1_28' title="bbox 166 1758 1274 1812; baseline 0 -14"><span class='ocrx_word' id='word_1_205' title='bbox 166 1767 232 1797; x_wconf 73' lang='lat'>365</span> <span class='ocrx_word' id='word_1_206' title='bbox 252 1759 554 1810; x_wconf 88' lang='lat' dir='ltr'>Phoebeamque</span> <span class='ocrx_word' id='word_1_207' title='bbox 588 1759 750 1798; x_wconf 83' lang='lat' dir='ltr'>Rhodon</span> <span class='ocrx_word' id='word_1_208' title='bbox 783 1764 822 1797; x_wconf 93' lang='lat' dir='ltr'>et</span> <span class='ocrx_word' id='word_1_209' title='bbox 853 1758 1011 1809; x_wconf 87' lang='lat' dir='ltr'>Ialysios</span> <span class='ocrx_word' id='word_1_210' title='bbox 1043 1758 1274 1812; x_wconf 89' lang='lat' dir='ltr'>Telchinas,</span> 
     </span>
     <span class='ocr_line' id='line_1_29' title="bbox 255 1818 1251 1868; baseline 0 -11"><span class='ocrx_word' id='word_1_211' title='bbox 255 1818 433 1864; x_wconf 86' lang='lat' dir='ltr'>Quorum</span> <span class='ocrx_word' id='word_1_212' title='bbox 465 1818 600 1856; x_wconf 87' lang='lat' dir='ltr'>oculos</span> <span class='ocrx_word' id='word_1_213' title='bbox 632 1819 717 1868; x_wconf 89' lang='lat' dir='ltr'>ipso</span> <span class='ocrx_word' id='word_1_214' title='bbox 750 1818 931 1855; x_wconf 90' lang='lat' dir='ltr'>vitiantes</span> <span class='ocrx_word' id='word_1_215' title='bbox 963 1819 1092 1856; x_wconf 90' lang='lat' dir='ltr'>omnia</span> <span class='ocrx_word' id='word_1_216' title='bbox 1123 1819 1209 1857; x_wconf 88' lang='lat' dir='ltr'>visu</span> <span class='ocrx_word' id='word_1_217' title='bbox 1248 1826 1251 1827; x_wconf 72' lang='grc'>’</span> 
     </span>
     <span class='ocr_line' id='line_1_30' title="bbox 254 1874 1480 1929; baseline -0.003 -14"><span class='ocrx_word' id='word_1_218' title='bbox 254 1876 429 1929; x_wconf 88' lang='lat' dir='ltr'>luppiter</span> <span class='ocrx_word' id='word_1_219' title='bbox 460 1888 602 1915; x_wconf 82' lang='lat' dir='ltr'>exosus</span> <span class='ocrx_word' id='word_1_220' title='bbox 634 1877 818 1915; x_wconf 83' lang='lat' dir='ltr'>fraternis</span> <span class='ocrx_word' id='word_1_221' title='bbox 850 1874 1024 1914; x_wconf 85' lang='lat' dir='ltr'>subdidit</span> <span class='ocrx_word' id='word_1_222' title='bbox 1054 1876 1191 1915; x_wconf 90' lang='lat' dir='ltr'>undis.</span> <span class='ocrx_word' id='word_1_223' title='bbox 1380 1885 1408 1911; x_wconf 76' lang='grc' dir='ltr'>ι.</span> <span class='ocrx_word' id='word_1_224' title='bbox 1427 1892 1480 1912; x_wconf 75' lang='lat' dir='ltr'>cv.</span> 
     </span>
     <span class='ocr_line' id='line_1_31' title="bbox 253 1933 1251 1988; baseline 0 -14"><span class='ocrx_word' id='word_1_225' title='bbox 253 1935 414 1974; x_wconf 84' lang='lat' dir='ltr'>Transit</span> <span class='ocrx_word' id='word_1_226' title='bbox 445 1941 483 1974; x_wconf 89' lang='lat' dir='ltr'>et</span> <span class='ocrx_word' id='word_1_227' title='bbox 515 1937 697 1985; x_wconf 90' lang='lat' dir='ltr'>antiquae</span> <span class='ocrx_word' id='word_1_228' title='bbox 729 1933 909 1973; x_wconf 83' lang='lat' dir='ltr'>Cartheia</span> <span class='ocrx_word' id='word_1_229' title='bbox 941 1935 1094 1973; x_wconf 87' lang='lat' dir='ltr'>moenia</span> <span class='ocrx_word' id='word_1_230' title='bbox 1127 1934 1251 1988; x_wconf 84' lang='lat' dir='ltr'>Ceae,</span> 
     </span>
     <span class='ocr_line' id='line_1_32' title="bbox 254 1992 1372 2045; baseline 0.001 -13"><span class='ocrx_word' id='word_1_231' title='bbox 254 1994 338 2038; x_wconf 87' lang='lat' dir='ltr'>Qua</span> <span class='ocrx_word' id='word_1_232' title='bbox 370 1999 481 2045; x_wconf 88' lang='lat' dir='ltr'>pater</span> <span class='ocrx_word' id='word_1_233' title='bbox 512 1993 729 2032; x_wconf 83' lang='lat' dir='ltr'>Alcidamas</span> <span class='ocrx_word' id='word_1_234' title='bbox 760 1992 950 2044; x_wconf 88' lang='lat' dir='ltr'>placidam</span> <span class='ocrx_word' id='word_1_235' title='bbox 982 1992 1030 2031; x_wconf 91' lang='lat' dir='ltr'>de</span> <span class='ocrx_word' id='word_1_236' title='bbox 1062 2005 1228 2044; x_wconf 91' lang='lat' dir='ltr'>corpore</span> <span class='ocrx_word' id='word_1_237' title='bbox 1261 1999 1372 2033; x_wconf 91' lang='lat' dir='ltr'>natae</span> 
     </span>
     <span class='ocr_line' id='line_1_33' title="bbox 166 2050 1476 2103; baseline -0.004 -12"><span class='ocrx_word' id='word_1_238' title='bbox 166 2060 232 2091; x_wconf 69' lang='lat'>370</span> <span class='ocrx_word' id='word_1_239' title='bbox 252 2052 465 2091; x_wconf 85' lang='lat' dir='ltr'>Miraturus</span> <span class='ocrx_word' id='word_1_240' title='bbox 498 2059 582 2091; x_wconf 87' lang='lat' dir='ltr'>erat</span> <span class='ocrx_word' id='word_1_241' title='bbox 613 2052 721 2091; x_wconf 85' lang='lat' dir='ltr'>nasci</span> <span class='ocrx_word' id='word_1_242' title='bbox 751 2053 927 2103; x_wconf 89' lang='lat' dir='ltr'>potuisse</span> <span class='ocrx_word' id='word_1_243' title='bbox 959 2050 1197 2090; x_wconf 88' lang='lat' dir='ltr'>columbam.</span> <span class='ocrx_word' id='word_1_244' title='bbox 1367 2061 1396 2086; x_wconf 77' lang='grc' dir='ltr'>ι.</span> <span class='ocrx_word' id='word_1_245' title='bbox 1415 2061 1476 2088; x_wconf 72' lang='lat' dir='ltr'>evi.</span> 
     </span>
     <span class='ocr_line' id='line_1_34' title="bbox 256 2109 1267 2163; baseline 0 -15"><span class='ocrx_word' id='word_1_246' title='bbox 256 2110 349 2150; x_wconf 84' lang='lat' dir='ltr'>lude</span> <span class='ocrx_word' id='word_1_247' title='bbox 381 2111 488 2149; x_wconf 87' lang='lat' dir='ltr'>lacus</span> <span class='ocrx_word' id='word_1_248' title='bbox 520 2110 661 2162; x_wconf 90' lang='lat' dir='ltr'>Hyries</span> <span class='ocrx_word' id='word_1_249' title='bbox 695 2110 797 2149; x_wconf 90' lang='lat' dir='ltr'>videt</span> <span class='ocrx_word' id='word_1_250' title='bbox 828 2116 869 2148; x_wconf 85' lang='lat' dir='ltr'>et</span> <span class='ocrx_word' id='word_1_251' title='bbox 899 2109 1065 2161; x_wconf 87' lang='lat' dir='ltr'>Cycneia</span> <span class='ocrx_word' id='word_1_252' title='bbox 1096 2109 1267 2163; x_wconf 88' lang='lat' dir='ltr'>Tempe,</span> 
     </span>
     <span class='ocr_line' id='line_1_35' title="bbox 255 2167 1379 2220; baseline 0.001 -13"><span class='ocrx_word' id='word_1_253' title='bbox 255 2169 362 2214; x_wconf 88' lang='lat' dir='ltr'>Quae</span> <span class='ocrx_word' id='word_1_254' title='bbox 395 2169 549 2207; x_wconf 80' lang='lat' dir='ltr'>subitus</span> <span class='ocrx_word' id='word_1_255' title='bbox 582 2168 793 2207; x_wconf 87' lang='lat' dir='ltr'>celebravit</span> <span class='ocrx_word' id='word_1_256' title='bbox 823 2168 907 2207; x_wconf 92' lang='lat' dir='ltr'>olor</span> <span class='ocrx_word' id='word_1_257' title='bbox 927 2198 936 2207; x_wconf 92' lang='lat'><strong>.</strong></span> <span class='ocrx_word' id='word_1_258' title='bbox 974 2180 1063 2207; x_wconf 89' lang='lat' dir='ltr'>nam</span> <span class='ocrx_word' id='word_1_259' title='bbox 1095 2167 1268 2220; x_wconf 91' lang='lat' dir='ltr'>Phyllius</span> <span class='ocrx_word' id='word_1_260' title='bbox 1300 2169 1379 2208; x_wconf 82' lang='lat' dir='ltr'>illic</span> 
     </span>
     <span class='ocr_line' id='line_1_36' title="bbox 254 2226 1286 2278; baseline 0.001 -13"><span class='ocrx_word' id='word_1_261' title='bbox 254 2227 424 2278; x_wconf 84' lang='lat' dir='ltr'>Imperio</span> <span class='ocrx_word' id='word_1_262' title='bbox 455 2229 567 2278; x_wconf 87' lang='lat' dir='ltr'>pueri</span> <span class='ocrx_word' id='word_1_263' title='bbox 603 2226 861 2277; x_wconf 89' lang='lat' dir='ltr'>volucresque</span> <span class='ocrx_word' id='word_1_264' title='bbox 894 2226 1099 2277; x_wconf 84' lang='lat' dir='ltr'>ferumque</span> <span class='ocrx_word' id='word_1_265' title='bbox 1132 2226 1286 2266; x_wconf 88' lang='lat' dir='ltr'>leonem</span> 
     </span>
     <span class='ocr_line' id='line_1_37' title="bbox 253 2284 1450 2336; baseline 0.002 -13"><span class='ocrx_word' id='word_1_266' title='bbox 253 2284 485 2324; x_wconf 86' lang='lat' dir='ltr'>Tradiderat</span> <span class='ocrx_word' id='word_1_267' title='bbox 516 2285 684 2324; x_wconf 86' lang='lat' dir='ltr'>domitos</span> <span class='ocrx_word' id='word_1_268' title='bbox 704 2316 713 2325; x_wconf 92' lang='lat'><strong>.</strong></span> <span class='ocrx_word' id='word_1_269' title='bbox 752 2291 909 2324; x_wconf 88' lang='lat' dir='ltr'>taurum</span> <span class='ocrx_word' id='word_1_270' title='bbox 941 2297 1098 2336; x_wconf 91' lang='lat' dir='ltr'>quoque</span> <span class='ocrx_word' id='word_1_271' title='bbox 1132 2287 1287 2325; x_wconf 91' lang='lat' dir='ltr'>vincere</span> <span class='ocrx_word' id='word_1_272' title='bbox 1320 2286 1450 2325; x_wconf 85' lang='lat' dir='ltr'>iussus</span> 
     </span>
     <span class='ocr_line' id='line_1_38' title="bbox 166 2341 1169 2395; baseline 0.001 -14"><span class='ocrx_word' id='word_1_273' title='bbox 166 2350 233 2381; x_wconf 80' lang='lat'>375</span> <span class='ocrx_word' id='word_1_274' title='bbox 255 2341 438 2395; x_wconf 88' lang='lat' dir='ltr'>Vicerat,</span> <span class='ocrx_word' id='word_1_275' title='bbox 469 2349 509 2382; x_wconf 81' lang='lat' dir='ltr'>et</span> <span class='ocrx_word' id='word_1_276' title='bbox 540 2350 673 2394; x_wconf 89' lang='lat' dir='ltr'>spreto</span> <span class='ocrx_word' id='word_1_277' title='bbox 707 2344 851 2382; x_wconf 90' lang='lat' dir='ltr'>totiens</span> <span class='ocrx_word' id='word_1_278' title='bbox 883 2344 1007 2382; x_wconf 89' lang='lat' dir='ltr'>iratus</span> <span class='ocrx_word' id='word_1_279' title='bbox 1039 2355 1169 2382; x_wconf 89' lang='lat' dir='ltr'>amore</span> 
     </span>
    </p>
   </div>
  </div>
 </body>
</html>
