1554 2563
591 99 683 144 Vn,
709 102 915 135 486—559.
1060 111 1191 134 ,mous
1338 99 1417 140 141

197 209 288 249 Dira
320 210 405 250 lues
435 211 494 249 ira
524 210 679 262 populis
711 209 872 248 lunonis
897 210 1054 260 iniquae

197 268 367 322 Incidit,
399 280 538 308 exosae
570 268 692 308 dictas
724 280 745 306 a
775 267 922 319 paelice
953 274 1103 307 terras.

110 334 176 366 525
197 327 298 367 Dum
328 329 456 366 visum
487 327 651 367 mortale
684 326 828 366 malum
846 358 858 378 ,
890 332 1098 378 tantaeque
1130 325 1274 366 latebat

198 386 322 426 Causa
354 398 502 425 nocens
534 386 683 438 cladis,
715 391 930 437 pugnatum
962 390 1022 424 est
1052 390 1136 424 arte
1169 384 1373 424 medendi.

196 445 369 484 Exitium
401 444 611 496 superabat
642 456 756 496 opem
774 476 785 497 ,
817 456 916 495 quae
947 445 1046 483 victa
1073 443 1244 483 iacebat.

196 503 396 555 Principio
430 504 580 542 caelum
612 505 737 555 spissa
769 503 933 554 caligine
965 508 1091 542 terras

196 562 376 615 Pressit,
407 568 448 602 et
477 564 636 614 ignavos
668 561 827 601 inclusit
858 560 1040 601 noctibus
1072 567 1227 613 aestus3

109 628 177 660 530
198 621 376 672 Dumque
409 627 548 672 quater
578 622 724 660 iunctis
756 620 924 672 explevit
955 619 1140 659 cornibus
1173 619 1309 658 orbem

198 679 306 719 Luna
325 711 336 731 ,
368 686 506 731 quater
531 679 691 732 plenum
723 685 881 719 tenuata
908 681 1078 718 retexuit
1108 677 1268 730 orbem,

198 738 382 778 Letiferis
415 738 529 778 calidi
561 740 762 790 spirarunt
792 738 948 778 flatibus
980 739 1126 777 austri.

198 796 359 837 Constat
389 803 429 836 et
459 798 499 836 in
532 798 659 836 sontes
692 798 829 836 vitium
860 798 1014 836 venisse
1046 796 1257 848 lacusque,

197 855 382 907 Miliaque
413 856 583 896 incultos
615 862 845 907 serpentum
877 855 997 895 multa
1028 867 1100 907 per
1132 866 1246 906 agros

110 921 177 953 535
197 914 361 954 Errasse
393 921 510 966 atque
543 916 625 953 suis
656 914 795 953 fluvios
827 920 1040 954 temerasse
1072 914 1256 953 venenis.

199 972 336 1025 Strage
357 985 497 1012 canum
517 975 644 1025 primo
664 974 945 1025 volucrumque
966 973 1174 1023 oviumque
1201 971 1423 1023 boumque,

201 1032 324 1083 {nque
357 1033 452 1071 feris
485 1032 603 1071 subiti
637 1032 830 1083 deprensa
860 1033 1035 1084 potentia
1067 1029 1217 1069 morbi.

199 1090 417 1130 Concidere
448 1091 583 1130 infelix
616 1090 761 1130 validos
793 1092 959 1129 miratur
991 1095 1121 1128 arator

197 1149 304 1189 Inter
336 1161 434 1201 opus
466 1155 600 1188 tauros
618 1181 630 1202 ‚
661 1149 869 1201 medioque
901 1148 1133 1188 recumbere
1165 1147 1299 1187 sulco.

111 1215 179 1248 540
199 1206 402 1259 Lanigeris
434 1208 619 1260 gregibus
651 1208 801 1247 balatus
834 1207 1018 1247 dantibus
1051 1219 1188 1258 aegros

199 1266 347 1318 Sponte
379 1278 450 1306 sua
480 1267 669 1318 lanaeque
702 1266 847 1306 cadunt
878 1272 918 1305 et
949 1277 1116 1318 corpora
1149 1264 1305 1304 tabent.

198 1326 299 1365 Acer
331 1337 456 1377 equus
489 1325 685 1377 quondam
716 1337 956 1377 magnaeque
983 1327 1023 1363 in
1054 1323 1215 1376 pulvere
1248 1324 1371 1362 famae

200 1383 437 1436 [Degenerat
467 1384 644 1437 palmas,
675 1390 931 1435 veterumque
963 1383 1108 1422 oblitus
1139 1380 1353 1431 honorum]

199 1442 256 1481 Ad
287 1455 477 1495 praesepe
509 1444 629 1494 gemit
659 1442 738 1482 leto
770 1444 987 1481 moriturus
1018 1443 1159 1481 inerti.

111 1508 180 1540 545
199 1500 286 1540 Non
319 1513 413 1553 aper
443 1503 561 1540 irasci
593 1502 798 1553 meminit,
829 1513 909 1540 non
940 1500 1060 1539 fidere
1092 1511 1213 1538 cursu

200 1560 351 1613 Cerva,
382 1572 455 1599 nec
488 1561 674 1599 armentis
706 1562 911 1599 incurrere
943 1557 1112 1597 fortibus
1144 1559 1247 1597 ursi.

200 1618 339 1658 Omnia
370 1618 534 1670 languor
564 1618 711 1657 habet:
742 1618 928 1669 silvisque
960 1618 1142 1668 agrisque
1174 1618 1325 1668 viisque

201 1676 376 1729 Corpora
409 1677 520 1716 foeda
552 1679 710 1717 iacent:
741 1677 928 1716 vitiantur
959 1675 1146 1714 odoribus
1178 1687 1318 1714 aurae.

201 1735 299 1775 Mira
323 1736 463 1787 loquar
481 1768 493 1788 ,
524 1748 603 1775 non
634 1735 698 1774 illa
730 1747 846 1774 canes
878 1734 1089 1786 avidaeque
1121 1733 1326 1786 volucres,

115 1802 182 1834 550
201 1794 288 1833 Non
320 1796 406 1834 cani
438 1796 604 1846 tetigere
636 1794 747 1846 lupi3
780 1794 926 1845 dilapsa
956 1793 1203 1845 liquescunt,

201 1853 421 1904 Afflatuque
453 1860 598 1892 nocent
628 1860 668 1892 et
699 1858 820 1903 agunt
850 1853 1027 1903 contagia
1057 1851 1156 1891 late.

201 1912 386 1951 Pervenit
416 1912 463 1951 ad
495 1914 660 1951 miseros
692 1911 833 1950 damno
865 1912 1041 1962 graviore
1073 1909 1233 1949 colonos

201 1970 359 2023 Pestis,
390 1976 431 2009 et
460 1972 500 2009 in
532 1982 693 2022 magnae
725 1970 950 2009 dominatur
981 1967 1188 2007 moenibus
1220 1967 1356 2007 urbis„

201 2027 360 2068 Viscera
391 2035 595 2068 torrentur
626 2030 752 2080 primo
771 2060 782 2081 ,
814 2028 1069 2078 flammaeque
1101 2027 1257 2066 latentis

115 2095 183 2128 555
202 2087 395 2126 Indicium
426 2087 549 2126 rubor
580 2094 640 2126 est
671 2093 711 2126 et
741 2087 883 2126 ductus
915 2085 1110 2125 anhelitus
1141 2086 1244 2136 igni.

202 2148 350 2198 Aspera
381 2146 513 2198 lingua
545 2151 699 2198 tumet,
731 2145 953 2197 tepidisque
985 2145 1134 2183 arentia
1165 2145 1292 2183 ventis

203 2204 280 2244 Ora
312 2210 475 2257 patent,
507 2216 704 2256 auraeque
736 2215 873 2255 graves
905 2208 1112 2254 captantur
1142 2202 1250 2242 hiatu

202 2262 289 2302 Non
320 2268 487 2302 stratum
505 2295 517 2316 ,
548 2275 628 2302 non
658 2262 736 2302 ulla
766 2263 847 2314 pati
878 2261 1066 2301 velamina
1097 2266 1287 2314 possunt,

202 2320 309 2361 Dura
340 2321 409 2361 sed
440 2328 547 2361 terra
577 2326 731 2373 ponunt
761 2320 1019 2373 praecordia:
1051 2331 1124 2360 nec
1155 2319 1199 2360 fit
