1554 2563
165 146 247 188 278
408 161 556 184 cvcnors
717 148 931 183 METAMM
946 175 955 183 .

281 258 409 297 Mollia
439 259 547 310 fraga
577 258 684 310 leges
702 291 713 311 ,
744 260 829 310 ipsa
861 259 1097 298 autumnalia
1129 271 1248 298 corna

282 317 492 368 Prunaque
512 349 523 369 ‚
554 329 634 355 non
665 317 792 356 solum
824 318 936 368 nigro
967 317 1124 356 liventia
1155 329 1275 370 suco,

282 374 427 415 Verum
459 377 576 414 etiam
607 388 796 426 generosa
827 387 1025 426 novasque
1056 377 1247 415 imitantia
1278 387 1410 415 ceras.

283 433 363 472 Nec
395 434 467 473 tibi
499 440 702 473 casta-neae
733 446 796 472 me
829 436 994 484 coniuge
1014 466 1024 486 ,
1056 446 1130 473 nec
1160 433 1233 473 tibi
1263 434 1430 474 deerunt

196 500 264 532 820
283 492 447 531 Arbutei
478 493 581 532 setus
601 523 610 531 .
649 494 775 531 omnis
807 492 878 531 tihi
910 493 1055 531 serviet
1085 491 1224 532 arbor.

283 551 366 590 Hoc
396 563 519 602 pecus
551 563 666 590 omne
697 563 830 590 meum
861 557 949 590 est.
987 550 1133 590 multae
1166 563 1322 602 quoque

1155 609 1318 649 vallibus
1351 617 1483 649 errant

283 668 423 708 Multas
454 669 549 708 silva
580 670 705 721 tegit,
736 668 880 708 multae
913 668 1159 708 stabulantur
1190 670 1231 707 in
1263 670 1408 708 antris.

283 727 364 766 Nec
382 759 394 780 ‚
425 729 459 767 si
489 728 590 766 forte
623 739 738 778 roges
756 759 767 779 ,
797 728 945 778 possim
976 726 1048 766 tihi
1085 727 1217 766 dicere
1235 758 1246 779 ‚
1279 734 1375 778 quot
1406 728 1503 767 sint.

283 786 473 837 Pauperis
505 792 566 824 est
596 798 803 824 numerare
835 798 956 836 pecus
976 816 985 824 .
1018 785 1065 824 de
1097 785 1278 824 laudibus
1309 785 1448 824 harum

196 852 263 882 825
284 844 345 883 Nil
376 844 471 883 mihi
502 844 748 884 credideris:
778 856 965 895 praesens
996 850 1109 896 potes
1140 845 1224 895 ipsa
1254 843 1410 896 videre,

284 903 334 941 Ut
364 905 424 941 vix
458 905 701 942 circumeant
731 903 945 942 distentum
977 902 1160 942 cruribus
1192 901 1312 942 uber.

284 962 412 1015 Sunt,
444 962 573 1000 fetura
603 963 760 1014 minor,
791 961 933 1013 tepidis
968 963 1009 1000 in
1040 961 1206 1000 ovilibus
1238 963 1348 1013 agni;

285 1021 386 1059 Sunt
417 1032 573 1071 quoque
591 1052 603 1073 ,
634 1032 704 1071 par
735 1027 870 1072 aetas,
902 1020 986 1059 aliis
1016 1021 1057 1058 in
1088 1019 1254 1059 ovilibus
1285 1019 1420 1060 haedi.

284 1077 360 1117 Lac
391 1078 487 1118 nn'hi
518 1091 676 1130 semper
707 1079 817 1117 adest
847 1080 1005 1117 niveum
1025 1109 1033 1117 .
1071 1090 1162 1129 pars
1193 1078 1284 1117 inde
1316 1078 1482 1118 bibenda

196 1144 264 1175 830
286 1138 472 1175 Servatur
491 1169 502 1189 ‚
532 1144 684 1188 partem
715 1137 923 1187 liquefacta
956 1136 1116 1188 coagula
1147 1137 1311 1176 durant.

284 1195 363 1234 Nec
395 1195 466 1234 tibi
497 1196 658 1234 deliciae
693 1196 826 1234 faciles
858 1196 1089 1246 vulgataque
1120 1202 1271 1234 tantum

283 1254 445 1293 Munera
477 1256 735 1306 contingent,
767 1253 941 1292 dammae
973 1254 1206 1305 leporesque
1239 1267 1457 1308 caperque,

283 1312 404 1351 Parve
437 1312 706 1351 columbarum
724 1344 735 1364 ,
767 1312 996 1363 demptusve
1028 1314 1229 1351 cacumine
1260 1312 1400 1353 nidus:

283 1371 416 1410 lnveni
447 1372 623 1421 geminos
641 1403 653 1424 ‚
684 1372 752 1421 qui
783 1377 915 1409 tecum
945 1370 1081 1409 ludere
1113 1372 1289 1423 possint,

195 1437 262 1467 835
285 1431 391 1468 lnter
421 1442 463 1468 se
495 1429 641 1468 similes
659 1461 671 1481 ‚
702 1431 764 1467 vix
795 1436 840 1468 ut
871 1429 1101 1480 dignoscere
1132 1431 1283 1482 possis,

286 1488 446 1526 Villosae
479 1488 628 1526 catulos
658 1489 699 1526 in
731 1489 894 1526 summis
925 1487 1124 1526 montibus
1155 1500 1295 1527 ursae:

284 1547 417 1585 lnveni
448 1553 488 1585 et
519 1546 598 1585 dixi
630 1543 856 1585 “⁶dominae
889 1546 1130 1585 servabimus
1161 1548 1258 1585 istos
1273 1543 1330 1585 .''’

282 1606 362 1645 lani
393 1605 508 1644 modo
541 1605 720 1644 caeruleo
753 1605 921 1644 nitidum
952 1612 1069 1656 caput
1100 1607 1225 1644 exime
1255 1612 1400 1658 ponto,

283 1663 363 1702 Iani
381 1696 392 1716 ,
424 1663 608 1716 Galatea,
639 1665 757 1716 veni,
789 1676 862 1702 nec
894 1675 1057 1702 munera
1089 1663 1246 1715 despice
1277 1671 1433 1703 nostra.

194 1730 263 1760 840
283 1722 399 1761 Certe
431 1734 502 1773 ego
535 1734 598 1761 me
629 1723 748 1774 novi,
778 1721 1027 1773 liquidaeque
1058 1724 1099 1761 in
1123 1723 1291 1773 imagine
1322 1722 1401 1761 vidi

282 1780 416 1832 Nuper
448 1793 600 1831 aquae3
631 1780 855 1832 placuitque
887 1781 981 1819 mihi
1013 1793 1098 1819 mea
1129 1782 1253 1820 forma
1283 1781 1452 1822 videnti.

282 1841 422 1890 Aspice
441 1871 452 1891 ‚
484 1841 558 1878 sim
590 1846 787 1890 quantus.
825 1851 904 1877 non
936 1846 996 1878 est
1027 1839 1101 1878 hoc
1133 1851 1298 1890 corpore
1330 1841 1453 1879 maior

283 1898 459 1949 Iuppiter
490 1899 531 1936 in
563 1897 668 1936 caelo
689 1929 698 1937 .
736 1910 824 1936 nam
855 1910 923 1936 vos
955 1909 1116 1936 narrare
1149 1897 1282 1936 soletis

282 1956 423 1994 Nescio
455 1968 572 2007 quem
603 1968 768 2007 regnare
800 1956 930 1994 Iovem
948 1987 957 1995 .
997 1968 1106 1995 coma
1137 1956 1305 2007 plurima
1336 1962 1468 1995 torvos

194 2022 261 2052 845
282 2014 484 2053 Prominet
502 2016 543 2053 in
563 2014 694 2053 vultus
712 2047 723 2066 ‚
750 2026 987 2065 umerosque
1002 2046 1015 2067 ,
1040 2021 1086 2053 ut
1104 2014 1217 2053 lucus
1236 2046 1248 2067 ,
1274 2014 1502 2053 obumbrat.

281 2072 362 2111 Nec
394 2085 480 2111 mea
512 2073 616 2124 quod
648 2073 783 2124 rigidis
814 2073 978 2112 horrent
1008 2073 1239 2111 densissima
1271 2075 1388 2112 saetis

283 2130 484 2184 Corpora,
515 2139 631 2182 turpe
662 2138 757 2182 puta
776 2163 785 2171 .
823 2133 951 2183 turpis
983 2133 1066 2170 sine
1098 2131 1305 2170 frondibus
1337 2131 1475 2171 arbor:

194 2197 261 2227 848
282 2189 426 2240 Turpis
460 2202 584 2240 equus
604 2221 615 2241 ‚
640 2192 716 2228 nisi
747 2189 845 2229 colla
876 2189 990 2229 iubae
1022 2189 1203 2228 flaventia
1234 2190 1386 2229 velent.

192 2254 261 2286 850
280 2246 406 2286 Barba
436 2249 541 2287 viros
573 2248 777 2299 hirtaeque
810 2249 951 2287 decent
981 2250 1022 2287 in
1054 2260 1221 2298 corpore
1253 2255 1405 2288 saetae.

272 2304 411 2343 Unum
443 2312 503 2344 est
533 2308 574 2344 in
605 2306 733 2345 media
763 2306 895 2345 lumen
928 2306 1023 2345 mihi
1055 2308 1185 2344 fronte
1204 2338 1216 2358 ,
1247 2306 1316 2345 sed
1348 2309 1470 2346 instar

280 2362 454 2413 Ingentis
487 2364 629 2415 clipei.
669 2365 761 2415 quid
780 2363 802 2404 ⁴?
834 2377 912 2403 non
943 2365 1040 2403 haec
1072 2366 1200 2403 omnia
1231 2376 1370 2416 magno

1495 643 1504 661 1
