1554 2563
561 97 611 133 IX
629 125 638 142 ,
665 102 771 134 580—
783 102 848 133 652
864 126 872 134 .
1024 112 1143 134 ssvssms
1301 98 1380 140 191

163 209 247 249 Ulla
280 211 356 248 mei
389 210 566 261 capiam,
598 208 690 247 dum
723 210 884 260 spiritus
915 210 989 248 iste
1022 208 1214 249 manebit.

161 268 258 307 Nam
289 270 490 320 primum,
522 269 555 306 si
589 268 686 306 facta
720 267 813 306 mihi
846 280 1029 306 revocare
1061 268 1220 321 liceret,

160 326 247 366 Non
281 328 457 378 coepisse
492 327 594 365 suit:
626 332 762 377 coepta
796 338 1019 377 expugnare
1052 326 1270 366 secundum
1302 332 1382 366 est.

71 395 140 426 620
161 386 314 437 Quippe
347 397 419 424 nec
452 385 515 423 ille
546 390 706 437 potest,
738 390 781 423 ut
812 385 888 423 iam
921 397 1004 424 mea
1026 393 1111 424 vota
1143 386 1384 438 relinquam,

159 444 246 484 Non
280 450 409 483 tamen
443 455 627 482 ausorum
659 455 815 494 semper
847 455 997 482 memor
1029 456 1116 483 esse
1149 456 1348 483 meorum.

158 502 236 555 Et,
268 504 358 553 quia
390 502 574 541 desierim
593 533 604 554 ,
635 501 773 541 leviter
804 502 973 540 voluisse
1006 502 1191 556 videbor,

158 562 236 600 Aut
267 563 383 600 etiam
418 567 628 612 temptasse
661 560 770 599 illum
802 561 1033 612 insidiisque
1067 563 1237 612 petisse:

160 620 228 659 Vel
261 626 367 659 certe
401 631 478 658 non
510 619 585 658 hoc
610 650 620 670 ,
654 621 720 670 qui
753 620 946 670 plurimus
980 627 1122 670 urguet
1154 627 1192 658 et
1224 622 1304 659 urit

74 688 140 719 625
162 679 327 718 Pectora
359 685 492 717 nostra
512 710 522 729 ,
555 678 626 716 deo
647 710 657 730 ,
689 678 757 717 sed
790 680 889 717 victa
922 678 1080 717 libidine
1113 679 1273 718 credar.

161 737 337 788 Denique
371 739 446 776 iam
478 749 631 787 nequeo
665 736 719 775 nil
752 738 994 776 commisisse
1029 738 1262 776 nefandum.

160 796 210 835 Et
242 797 384 847 scripsi
416 802 455 834 et
486 797 610 847 petii:
644 801 830 834 temerata
862 803 922 834 est
954 802 1087 834 nostra
1120 796 1318 835 voluntas.

160 854 211 894 Ut
244 854 340 894 nihil
373 854 565 907 adiciam,
598 866 674 892 non
708 867 868 905 possum
901 856 1057 893 innoxia
1089 855 1187 894 dici.

162 913 277 960 Quod
311 919 524 965 superest,
556 913 722 952 multum
756 919 815 952 est
846 915 885 951 in
918 920 1034 965 vota,
1066 915 1105 952 in
1137 914 1298 952 crimina

1186 985 1346 1023 parvum
1362 967 1385 1011 .'

76 1040 145 1072 630
167 1031 300 1071 Dixit:
333 1037 372 1070 et
403 1032 577 1070 incertae
611 1037 714 1070 tanta
748 1037 807 1070 est
839 1031 1031 1069 discordia
1064 1033 1229 1082 mentis,

164 1090 262 1129 Cum
294 1091 426 1141 pigeat
458 1095 701 1142 temptasse,
734 1089 828 1128 libet
862 1096 1052 1140 temptare
1074 1121 1082 1128 .
1122 1089 1359 1140 modumque

163 1148 282 1201 Exit,
315 1154 354 1187 et
385 1148 519 1187 infelix
552 1150 760 1187 committit
792 1160 906 1199 saepe
940 1147 1098 1199 repelli.

164 1207 252 1246 Mox
284 1206 351 1246 ubi
386 1208 472 1245 finis
505 1206 644 1259 abest,
675 1208 840 1258 patriam
873 1207 971 1257 fugit
1004 1206 1065 1245 ille
1100 1207 1312 1259 nefasque,

163 1265 284 1317 Inque
316 1267 523 1317 peregrina
555 1267 665 1316 ponit
697 1278 792 1304 nova
825 1267 977 1304 moenia
1011 1272 1136 1304 terra.

76 1332 142 1364 635
163 1324 264 1363 Tum
296 1337 387 1363 vero
421 1331 607 1363 maestam
640 1331 718 1363 tota
751 1324 920 1363 Miletida
954 1331 1083 1363 mente

165 1383 362 1422 Defecisse
396 1383 557 1434 ferunt,
591 1389 672 1422 tum
706 1395 796 1421 vero
830 1396 848 1421 a
882 1388 1042 1434 pectore
1078 1390 1224 1421 vestem

164 1441 334 1492 Diripuit
365 1441 589 1492 planxitque
621 1453 713 1480 suos
747 1441 956 1480 furibunda
988 1441 1178 1492 lacertos3

166 1500 325 1551 Iamque
358 1501 482 1551 palam
516 1506 575 1538 est
601 1500 791 1551 demens,
823 1501 1171 1549 inconcessamque
1206 1500 1350 1538 fatetur

167 1559 284 1610 Spem
316 1560 469 1597 veneris
489 1590 500 1609 ,
532 1560 616 1597 sine
656 1570 730 1609 qua
764 1560 927 1609 patriam
968 1559 1192 1608 invisosque
1231 1564 1391 1610 penates

77 1626 145 1657 640
166 1617 348 1669 Deserit,
381 1622 420 1656 et
450 1617 606 1668 profugi
639 1618 818 1667 sequitur
850 1618 1009 1667 vestigia
1044 1617 1197 1656 fratriS.

166 1676 295 1727 thue
329 1681 396 1714 tuo
428 1682 555 1714 motae
576 1707 586 1726 ,
618 1675 748 1726 proles
782 1675 1002 1727 Semeleia,
1036 1675 1166 1726 thyrso

165 1735 348 1774 Ismariae
381 1734 582 1773 celebrant
613 1736 778 1785 repetita
811 1736 977 1772 triennia
1012 1733 1204 1786 bacchae,

165 1793 324 1845 Byblida
357 1805 436 1832 non
470 1794 581 1831 aliter
614 1793 710 1831 latos
744 1792 913 1831 ululasse
946 1805 1016 1843 per
1048 1804 1162 1843 agros

166 1851 381 1890 Bubasides
414 1851 545 1890 videre
578 1863 730 1890 nurus.
771 1851 912 1901 quibus
944 1851 1005 1889 illa
1039 1851 1186 1889 relictis

79 1918 147 1950 645
168 1910 286 1950 Caras
319 1916 358 1949 et
389 1911 593 1949 armiferos
626 1909 787 1960 Lelegas
819 1909 1051 1960 Lyciamque
1084 1915 1287 1960 pererrat.

167 1968 246 2008 Iam
279 1968 429 2020 Cragon
463 1975 502 2007 et
534 1968 716 2019 Limyren
749 1967 970 2018 Xanthique
1002 1967 1215 2018 reliquerat
1248 1967 1394 2020 undas,

168 2027 333 2078 Quoque
367 2027 570 2066 Chimaera
604 2029 693 2078 iugo
727 2027 865 2065 mediis
898 2028 937 2064 in
970 2026 1147 2077 partibus
1180 2026 1336 2079 ignem,

169 2085 312 2125 Pectus
344 2092 384 2125 et
414 2098 482 2124 ora
513 2086 595 2125 leae
615 2118 625 2137 ,
658 2086 820 2124 caudam
853 2087 1047 2135 serpentis
1080 2083 1270 2124 habebat.

168 2144 363 2183 Deficiunt
394 2145 542 2184 silvae:
574 2156 663 2183 cum
696 2151 737 2182 tu
769 2144 908 2182 lassata
935 2143 1135 2193 sequendo

81 2210 148 2243 650
170 2202 382 2255 Concidis,
414 2209 454 2242 et
485 2204 581 2242 dura
614 2204 751 2254 positis
786 2202 926 2241 tellure
958 2201 1131 2254 capillis,

169 2261 280 2312 Bybli
298 2293 310 2314 ,
341 2263 444 2300 iaces
463 2293 474 2314 ,
502 2262 739 2311 frondesque
774 2267 840 2299 tuo
873 2262 1020 2312 premis
1052 2271 1120 2298 ore
1153 2259 1317 2299 caducas

172 2319 296 2372 Saepe
329 2323 445 2359 etiam
478 2320 668 2372 nymphae
703 2322 848 2358 teneris
880 2318 1106 2370 Lelegeides
1139 2318 1242 2358 ulnis
