1554 2563
586 130 655 166 XV
671 159 680 175 ‚
707 135 821 167 7—79
836 160 844 169 .
963 145 1188 169 PYTHAGORAS
1305 135 1387 177 307

165 239 276 280 Tunc
309 253 467 292 quoque
498 242 555 280 sic
585 241 660 280 lata
693 248 753 281 est
784 244 976 282 sententia
1005 244 1159 297 tristis3
1190 249 1230 283 et
1260 246 1385 284 omnis

167 298 348 338 Calculus
380 301 557 339 inmitem
588 299 808 339 demittitur
838 306 922 340 ater
953 303 995 340 in
1027 314 1191 342 urnam.

102 365 147 396 45
169 357 276 403 Quae
311 358 426 397 simul
459 357 596 398 effudit
626 359 891 398 numerandos
922 372 1033 399 versa
1064 360 1238 413 lapillos,

164 415 356 455 Omnibus
382 429 403 454 e
435 418 546 468 nigro
579 416 686 456 color
718 424 778 456 est
808 423 979 457 mutatus
1010 420 1051 458 in
1083 419 1236 473 album,
1275 429 1296 456 ε.
1315 436 1381 456 ccv.

164 473 414 526 Candidaque
445 474 639 515 Herculeo
666 478 861 515 sententia
893 479 1052 516 numine
1084 478 1186 517 facta

165 532 287 572 Solvit
317 533 600 573 Alemoniden.
638 540 767 586 grates
800 536 878 586 agit
908 535 971 574 ille
1003 538 1157 587 parenti

163 591 555 646 Amphitryoniadae,
588 594 793 644 ventisque
826 593 1045 633 faventibus
1078 607 1224 647 aequor

101 657 146 688 50
166 649 327 702 Navigat
358 650 511 690 lonium
529 683 540 703 ‚
572 650 1002 704 Lacedaemoniumque
1034 653 1248 693 Tarentum

93 730 142 736 -
163 708 357 748 Praeterit
389 716 428 748 et
460 709 624 761 Sybarin
658 709 993 762 Sallentinumque
1025 711 1214 751 Neretum

161 767 439 819 Thurinosque
472 770 581 808 sinus
614 768 884 820 Crimisanque
917 776 956 809 et
987 769 1138 822 Iapygis
1170 783 1279 823 arva3

163 825 311 877 Vixque
342 832 556 878 pererratis
575 859 586 879 ,
619 839 717 878 quae
750 834 929 879 spectant
959 828 1075 868 litora
1093 861 1105 881 ‚
1136 830 1279 881 terris,

162 884 314 924 Invenit
344 885 503 924 Aesarei
535 885 661 925 fatalia
694 886 865 925 fluminis
897 898 989 939 ora,

97 950 140 982 55
162 942 242 982 Nec
267 944 405 995 procul
436 943 528 982 hinc
560 944 756 984 tumulum
774 977 785 997 ‚
817 944 889 984 sub
923 957 1000 996 quo
1027 951 1175 985 sacrata
1202 946 1383 987 Crotonis

161 1000 259 1040 Ossa
289 1002 445 1053 tegebat
476 1002 648 1042 humus:
680 1005 864 1054 iussaque
896 1003 950 1042 ibi
981 1005 1134 1044 moenia
1166 1010 1271 1044 terra

161 1059 370 1112 Condidit,
397 1067 436 1099 et
466 1072 609 1100 nomen
642 1061 820 1101 tumulati
851 1064 971 1101 traxit
1000 1064 1041 1102 in
1075 1062 1213 1102 urbem
1243 1062 1254 1077 '

160 1117 266 1158 Talia
299 1118 502 1159 constabat
533 1125 639 1159 certa
670 1119 884 1171 primordia
916 1121 1016 1159 fama

163 1176 259 1216 Esse
292 1178 367 1216 loci
397 1179 625 1230 positaeque
658 1178 764 1218 Italis
794 1181 834 1218 in
867 1179 1009 1219 finibus
1042 1179 1175 1219 urbis.

98 1243 141 1275 60
219 1235 287 1274 Vir
318 1236 392 1275 fuit
422 1236 486 1276 hic
504 1268 516 1289 ‚
547 1242 636 1276 ortu
670 1236 852 1290 Samius3
884 1237 953 1277 sed
986 1238 1138 1289 fugerat
1169 1251 1244 1279 una

160 1294 208 1333 Et
240 1294 382 1334 Samon
414 1301 453 1335 et
484 1295 660 1335 dominos
679 1328 690 1347 ,
723 1295 890 1347 odioque
923 1297 1140 1347 tyrannidis
1174 1298 1263 1337 exul

161 1353 308 1405 Sponte
340 1359 450 1393 erat.
488 1355 600 1406 isque
619 1386 630 1407 ‚
662 1354 754 1393 licet
779 1354 875 1394 caeli
906 1356 1066 1406 regione
1098 1362 1297 1409 remotos,

159 1411 288 1451 Mente
313 1412 406 1450 deos
439 1412 532 1451 adiit
563 1418 602 1452 et
634 1425 731 1464 quae
763 1419 902 1452 natura
933 1413 1099 1464 negabat

162 1469 315 1510 Visibus
347 1470 526 1510 humanis
544 1503 556 1523 ,
587 1471 711 1510 oculis
744 1483 788 1510 ea
812 1473 984 1523 pectoris
1016 1472 1168 1511 hausit*

99 1536 142 1568 65
165 1528 341 1582 Cumque
372 1530 500 1568 animo
533 1535 573 1568 et
603 1529 708 1581 vigili
738 1536 994 1581 perspexerat
1026 1532 1154 1569 omnia
1181 1543 1298 1584 cura,

159 1587 202 1627 In
234 1587 407 1627 medium
438 1587 622 1627 discenda
653 1587 796 1640 dabat,
828 1594 1044 1639 coetusque
1077 1588 1260 1628 silentum

160 1646 349 1698 Dictaque
380 1648 592 1686 mirantum
623 1648 752 1698 magni
783 1646 995 1698 primordia
1026 1646 1162 1686 mundi

160 1705 208 1744 Et
239 1717 373 1744 rerum
405 1717 541 1744 causas
574 1711 641 1757 et,
673 1704 766 1756 quid
799 1711 966 1757 natura,
998 1705 1185 1745 docebat:

161 1763 263 1810 Quid
294 1763 392 1803 deus
410 1795 421 1816 ‚
453 1764 556 1803 unde
588 1765 697 1802 nives
716 1795 727 1815 ‚
759 1775 857 1815 quae
896 1763 1069 1803 fulminis
1107 1770 1213 1804 esset
1244 1766 1373 1816 origo,

56 1844 58 1847 v
95 1822 332 1874 701uppiter
364 1834 413 1861 an
443 1823 549 1861 venti
580 1822 756 1862 discussa
787 1821 890 1861 nube
922 1828 1129 1875 tonarent‚

159 1880 260 1926 Quid
292 1886 473 1932 quateret
502 1887 629 1920 terras
647 1912 659 1934 ,
691 1892 766 1932 qua
797 1881 924 1920 sidera
955 1880 1040 1932 lege
1072 1887 1272 1935 mearent,

157 1939 207 1978 Et
238 1939 512 1991 quodcumque
543 1939 665 1978 latet.
702 1940 930 1991 primusque
963 1939 1141 1979 animalia
1172 1941 1318 1980 mensis

158 1999 296 2049 Arguit
327 1999 490 2049 inponi:
522 1999 673 2049 primus
705 2009 828 2049 quum
859 1997 1000 2036 talibus
1032 2009 1101 2036 ora

157 2056 278 2095 Docta
310 2056 468 2108 quidem
501 2056 642 2109 solvit,
675 2056 743 2095 sed
774 2068 852 2095 non
885 2062 925 2095 et
956 2056 1132 2108 credita,
1165 2056 1317 2096 verbis:

93 2121 136 2153 75
159 2112 327 2154 eParcite
346 2145 358 2167 ‚
388 2115 573 2154 mortales
591 2146 603 2167 ,
634 2113 798 2166 dapibus
831 2120 1024 2154 temerare
1059 2114 1236 2154 nefandis

158 2172 359 2224 Corpora!
392 2179 485 2212 sunt
516 2174 678 2226 fruges,
710 2178 803 2212 sunt
834 2172 1069 2212 deducentia
1100 2185 1228 2212 ramos

157 2231 336 2270 Pondere
367 2243 481 2283 poma
513 2243 585 2271 suo
606 2263 618 2284 ,
649 2231 900 2283 tumidaeque
930 2233 971 2270 in
1002 2230 1147 2271 vitibus
1173 2244 1292 2283 uvae3

158 2289 258 2329 Sunt
288 2289 431 2329 herbae
463 2289 598 2329 dulces
616 2321 628 2342 ,
659 2296 752 2329 sunt
783 2302 881 2341 quae
914 2291 1120 2329 mitescere
1152 2289 1305 2329 flamma

156 2347 376 2400 Mollirique
409 2354 582 2400 queant.
621 2360 695 2388 nec
725 2347 834 2387 vobis
865 2347 1013 2388 lacteus
1044 2360 1158 2387 umor

1021 2414 1091 2450 20*
