<?xml version="1.0" encoding="UTF-8"?>
<!DOCTYPE html PUBLIC "-//W3C//DTD XHTML 1.0 Transitional//EN"
    "http://www.w3.org/TR/xhtml1/DTD/xhtml1-transitional.dtd">
<html xmlns="http://www.w3.org/1999/xhtml" xml:lang="en" lang="en">
 <head>
  <title>
</title>
<meta http-equiv="Content-Type" content="text/html;charset=utf-8" />
  <meta name='ocr-system' content='tesseract 3.04.00' />
  <meta name='ocr-capabilities' content='ocr_page ocr_carea ocr_par ocr_line ocrx_word'/>
</head>
<body>
  <div class='ocr_page' id='page_1' title='image "./operaovid02oviduoft_0170.png"; bbox 0 0 1554 2563; ppageno 0'>
   <div class='ocr_carea' id='block_1_1' title="bbox 120 137 907 180">
    <p class='ocr_par' dir='ltr' id='par_1_1' title="bbox 120 137 907 180">
     <span class='ocr_line' id='line_1_1' title="bbox 120 137 907 180; baseline -0.003 -4"><span class='ocrx_word' id='word_1_1' title='bbox 120 140 173 180; x_wconf 81' lang='grc'><strong>98</strong></span> <span class='ocrx_word' id='word_1_2' title='bbox 317 151 527 175; x_wconf 63' lang='lat' dir='ltr'><strong>mossarum</strong></span> <span class='ocrx_word' id='word_1_3' title='bbox 670 137 882 173; x_wconf 85' lang='lat' dir='ltr'>METAMM</span> <span class='ocrx_word' id='word_1_4' title='bbox 897 164 907 174; x_wconf 87' lang='lat'><strong><em>.</em></strong></span> 
     </span>
    </p>
   </div>
   <div class='ocr_carea' id='block_1_2' title="bbox 149 247 1461 2403">
    <p class='ocr_par' dir='ltr' id='par_1_2' title="bbox 235 247 1318 474">
     <span class='ocr_line' id='line_1_2' title="bbox 235 247 1310 299; baseline -0.003 -10"><span class='ocrx_word' id='word_1_5' title='bbox 235 249 329 289; x_wconf 90' lang='lat' dir='ltr'><strong>Inde</strong></span> <span class='ocrx_word' id='word_1_6' title='bbox 361 250 495 287; x_wconf 88' lang='lat' dir='ltr'><strong>tremit</strong></span> <span class='ocrx_word' id='word_1_7' title='bbox 528 247 642 287; x_wconf 90' lang='lat' dir='ltr'><strong>tellus</strong></span> <span class='ocrx_word' id='word_1_8' title='bbox 675 253 713 287; x_wconf 91' lang='lat' dir='ltr'><strong>et</strong></span> <span class='ocrx_word' id='word_1_9' title='bbox 744 259 813 287; x_wconf 84' lang='lat' dir='ltr'><strong>rex</strong></span> <span class='ocrx_word' id='word_1_10' title='bbox 844 253 958 299; x_wconf 88' lang='lat' dir='ltr'><strong>pavet</strong></span> <span class='ocrx_word' id='word_1_11' title='bbox 989 249 1072 299; x_wconf 87' lang='lat' dir='ltr'><strong>ipse</strong></span> <span class='ocrx_word' id='word_1_12' title='bbox 1104 247 1310 298; x_wconf 84' lang='lat' dir='ltr'>silentum,</span> 
     </span>
     <span class='ocr_line' id='line_1_3' title="bbox 236 305 1193 359; baseline -0.001 -13"><span class='ocrx_word' id='word_1_13' title='bbox 236 308 292 347; x_wconf 88' lang='lat' dir='ltr'><strong>Ne</strong></span> <span class='ocrx_word' id='word_1_14' title='bbox 324 312 454 359; x_wconf 87' lang='lat' dir='ltr'><strong>pateat</strong></span> <span class='ocrx_word' id='word_1_15' title='bbox 484 307 640 358; x_wconf 89' lang='lat' dir='ltr'><strong>latoque</strong></span> <span class='ocrx_word' id='word_1_16' title='bbox 673 306 798 345; x_wconf 91' lang='lat' dir='ltr'><strong>solum</strong></span> <span class='ocrx_word' id='word_1_17' title='bbox 830 311 1031 357; x_wconf 83' lang='lat' dir='ltr'><strong>retegatur</strong></span> <span class='ocrx_word' id='word_1_18' title='bbox 1061 305 1193 358; x_wconf 88' lang='lat' dir='ltr'><strong>hiatu,</strong></span> 
     </span>
     <span class='ocr_line' id='line_1_4' title="bbox 236 363 1281 416; baseline -0.002 -11"><span class='ocrx_word' id='word_1_19' title='bbox 236 367 504 416; x_wconf 81' lang='lat' dir='ltr'><strong>inmissusque</strong></span> <span class='ocrx_word' id='word_1_20' title='bbox 536 365 619 404; x_wconf 89' lang='lat' dir='ltr'><strong>dies</strong></span> <span class='ocrx_word' id='word_1_21' title='bbox 650 364 891 416; x_wconf 84' lang='lat' dir='ltr'>trepidantes</span> <span class='ocrx_word' id='word_1_22' title='bbox 923 369 1070 404; x_wconf 91' lang='lat' dir='ltr'><strong>terreat</strong></span> <span class='ocrx_word' id='word_1_23' title='bbox 1101 363 1281 404; x_wconf 85' lang='lat' dir='ltr'><strong>umbras.</strong></span> 
     </span>
     <span class='ocr_line' id='line_1_5' title="bbox 236 422 1318 474; baseline -0.002 -11"><span class='ocrx_word' id='word_1_24' title='bbox 236 424 344 463; x_wconf 88' lang='lat' dir='ltr'><strong>Hanc</strong></span> <span class='ocrx_word' id='word_1_25' title='bbox 375 429 555 462; x_wconf 87' lang='lat' dir='ltr'><strong>metuens</strong></span> <span class='ocrx_word' id='word_1_26' title='bbox 587 423 735 462; x_wconf 83' lang='lat' dir='ltr'><strong>cladem</strong></span> <span class='ocrx_word' id='word_1_27' title='bbox 768 422 975 462; x_wconf 85' lang='lat' dir='ltr'><strong>tenebrosa</strong></span> <span class='ocrx_word' id='word_1_28' title='bbox 1006 422 1098 462; x_wconf 91' lang='lat' dir='ltr'><strong>sede</strong></span> <span class='ocrx_word' id='word_1_29' title='bbox 1130 429 1318 474; x_wconf 84' lang='lat' dir='ltr'><strong>tyrannus</strong></span> 
     </span>
    </p>

    <p class='ocr_par' dir='ltr' id='par_1_3' title="bbox 150 483 1440 768">
     <span class='ocr_line' id='line_1_6' title="bbox 150 483 1254 535; baseline -0.002 -13"><span class='ocrx_word' id='word_1_30' title='bbox 150 491 215 522; x_wconf 84' lang='lat'><strong>360</strong></span> <span class='ocrx_word' id='word_1_31' title='bbox 236 483 422 535; x_wconf 86' lang='lat' dir='ltr'><strong>Exierat,</strong></span> <span class='ocrx_word' id='word_1_32' title='bbox 454 493 653 533; x_wconf 90' lang='lat' dir='ltr'><strong>curruque</strong></span> <span class='ocrx_word' id='word_1_33' title='bbox 686 487 862 520; x_wconf 89' lang='lat' dir='ltr'><strong>atrorum</strong></span> <span class='ocrx_word' id='word_1_34' title='bbox 892 486 1029 520; x_wconf 87' lang='lat' dir='ltr'><strong>vectus</strong></span> <span class='ocrx_word' id='word_1_35' title='bbox 1061 493 1254 532; x_wconf 89' lang='lat' dir='ltr'><strong>equorum</strong></span> 
     </span>
     <span class='ocr_line' id='line_1_7' title="bbox 236 539 1440 592; baseline -0.002 -12"><span class='ocrx_word' id='word_1_36' title='bbox 236 540 415 580; x_wconf 85' lang='lat' dir='ltr'><strong>Ambibat</strong></span> <span class='ocrx_word' id='word_1_37' title='bbox 447 540 600 579; x_wconf 83' lang='lat' dir='ltr'>Siculae</span> <span class='ocrx_word' id='word_1_38' title='bbox 633 545 770 579; x_wconf 90' lang='lat' dir='ltr'><strong>cautus</strong></span> <span class='ocrx_word' id='word_1_39' title='bbox 802 539 1028 579; x_wconf 81' lang='lat' dir='ltr'>fundamina</span> <span class='ocrx_word' id='word_1_40' title='bbox 1059 546 1210 579; x_wconf 90' lang='lat' dir='ltr'><strong>terrae.</strong></span> <span class='ocrx_word' id='word_1_41' title='bbox 1437 588 1440 592; x_wconf 25' lang='grc' dir='ltr'>Ι</span> 
     </span>
     <span class='ocr_line' id='line_1_8' title="bbox 235 597 1411 651; baseline -0.001 -12"><span class='ocrx_word' id='word_1_42' title='bbox 235 600 447 650; x_wconf 89' lang='lat' dir='ltr'><strong>Postquam</strong></span> <span class='ocrx_word' id='word_1_43' title='bbox 480 598 724 650; x_wconf 81' lang='lat' dir='ltr'><strong>exploratum</strong></span> <span class='ocrx_word' id='word_1_44' title='bbox 757 600 850 637; x_wconf 87' lang='lat' dir='ltr'><strong>satis</strong></span> <span class='ocrx_word' id='word_1_45' title='bbox 883 604 972 650; x_wconf 84' lang='lat' dir='ltr'><strong>est,</strong></span> <span class='ocrx_word' id='word_1_46' title='bbox 1003 597 1088 637; x_wconf 90' lang='lat' dir='ltr'><strong>loca</strong></span> <span class='ocrx_word' id='word_1_47' title='bbox 1119 597 1224 637; x_wconf 90' lang='lat' dir='ltr'><strong>nulla</strong></span> <span class='ocrx_word' id='word_1_48' title='bbox 1256 597 1411 651; x_wconf 87' lang='lat' dir='ltr'><strong>labare,</strong></span> 
     </span>
     <span class='ocr_line' id='line_1_9' title="bbox 236 655 1382 709; baseline -0.001 -12"><span class='ocrx_word' id='word_1_49' title='bbox 236 658 488 709; x_wconf 87' lang='lat' dir='ltr'><strong>Depositique</strong></span> <span class='ocrx_word' id='word_1_50' title='bbox 522 663 649 696; x_wconf 88' lang='lat' dir='ltr'><strong>metus</strong></span> <span class='ocrx_word' id='word_1_51' title='bbox 667 688 678 709; x_wconf 89' lang='lat'><em>,</em></span> <span class='ocrx_word' id='word_1_52' title='bbox 710 657 815 696; x_wconf 91' lang='lat' dir='ltr'><strong>videt</strong></span> <span class='ocrx_word' id='word_1_53' title='bbox 846 656 950 695; x_wconf 85' lang='lat' dir='ltr'><strong>hunc</strong></span> <span class='ocrx_word' id='word_1_54' title='bbox 982 655 1149 708; x_wconf 86' lang='lat' dir='ltr'><strong>Erycina</strong></span> <span class='ocrx_word' id='word_1_55' title='bbox 1180 662 1382 708; x_wconf 85' lang='lat' dir='ltr'><strong>vagantem</strong></span> 
     </span>
     <span class='ocr_line' id='line_1_10' title="bbox 235 714 1392 768; baseline 0 -13"><span class='ocrx_word' id='word_1_56' title='bbox 235 717 366 755; x_wconf 82' lang='lat' dir='ltr'>Monte</span> <span class='ocrx_word' id='word_1_57' title='bbox 400 728 470 755; x_wconf 85' lang='lat' dir='ltr'><strong>suo</strong></span> <span class='ocrx_word' id='word_1_58' title='bbox 502 715 680 754; x_wconf 83' lang='lat' dir='ltr'><strong>residens</strong></span> <span class='ocrx_word' id='word_1_59' title='bbox 699 746 711 768; x_wconf 89' lang='lat'><em>,</em></span> <span class='ocrx_word' id='word_1_60' title='bbox 742 721 954 766; x_wconf 89' lang='lat' dir='ltr'><strong>natumque</strong></span> <span class='ocrx_word' id='word_1_61' title='bbox 986 715 1161 767; x_wconf 85' lang='lat' dir='ltr'><strong>amplexa</strong></span> <span class='ocrx_word' id='word_1_62' title='bbox 1193 714 1392 755; x_wconf 85' lang='lat' dir='ltr'><strong>volucrem</strong></span> 
     </span>
    </p>

    <p class='ocr_par' dir='ltr' id='par_1_4' title="bbox 149 771 1461 943">
     <span class='ocr_line' id='line_1_11' title="bbox 149 771 1461 827; baseline 0 -13"><span class='ocrx_word' id='word_1_63' title='bbox 149 781 216 814; x_wconf 82' lang='lat'><strong>365</strong></span> <span class='ocrx_word' id='word_1_64' title='bbox 239 772 402 813; x_wconf 76' lang='lat' dir='ltr'><strong>“‘Arma</strong></span> <span class='ocrx_word' id='word_1_65' title='bbox 422 786 638 825; x_wconf 84' lang='lat' dir='ltr'><strong>manusque</strong></span> <span class='ocrx_word' id='word_1_66' title='bbox 659 785 767 813; x_wconf 91' lang='lat' dir='ltr'><strong>meae</strong></span> <span class='ocrx_word' id='word_1_67' title='bbox 785 805 796 826; x_wconf 86' lang='lat'><em>,</em></span> <span class='ocrx_word' id='word_1_68' title='bbox 827 785 913 813; x_wconf 87' lang='lat' dir='ltr'><strong>mea</strong></span> <span class='ocrx_word' id='word_1_69' title='bbox 931 805 942 825; x_wconf 87' lang='lat'><em>,</em></span> <span class='ocrx_word' id='word_1_70' title='bbox 974 780 1062 813; x_wconf 90' lang='lat' dir='ltr'><strong>nate</strong></span> <span class='ocrx_word' id='word_1_71' title='bbox 1081 806 1092 827; x_wconf 90' lang='lat'>‚</span> <span class='ocrx_word' id='word_1_72' title='bbox 1122 775 1297 826; x_wconf 90' lang='lat' dir='ltr'><strong>potentia</strong></span> <span class='ocrx_word' id='word_1_73' title='bbox 1316 771 1342 827; x_wconf 88' lang='lat'><strong>‚&#39;</strong></span> <span class='ocrx_word' id='word_1_74' title='bbox 1364 774 1461 814; x_wconf 81' lang='lat' dir='ltr'>dixit</span> 
     </span>
     <span class='ocr_line' id='line_1_12' title="bbox 237 831 1382 886; baseline 0 -14"><span class='ocrx_word' id='word_1_75' title='bbox 237 831 319 872; x_wconf 69' lang='lat' dir='ltr'><strong>‘illa</strong></span> <span class='ocrx_word' id='word_1_76' title='bbox 336 865 348 886; x_wconf 89' lang='lat'><em>‚</em></span> <span class='ocrx_word' id='word_1_77' title='bbox 380 832 523 884; x_wconf 89' lang='lat' dir='ltr'><strong>quibus</strong></span> <span class='ocrx_word' id='word_1_78' title='bbox 555 844 717 884; x_wconf 88' lang='lat' dir='ltr'><strong>superas</strong></span> <span class='ocrx_word' id='word_1_79' title='bbox 749 844 884 871; x_wconf 89' lang='lat' dir='ltr'><strong>omnes</strong></span> <span class='ocrx_word' id='word_1_80' title='bbox 904 864 913 882; x_wconf 89' lang='lat'>‚</span> <span class='ocrx_word' id='word_1_81' title='bbox 946 843 1040 883; x_wconf 89' lang='lat' dir='ltr'><strong>cape</strong></span> <span class='ocrx_word' id='word_1_82' title='bbox 1072 831 1176 885; x_wconf 89' lang='lat' dir='ltr'><strong>tela,</strong></span> <span class='ocrx_word' id='word_1_83' title='bbox 1209 831 1382 886; x_wconf 85' lang='lat' dir='ltr'><strong>Cupido,</strong></span> 
     </span>
     <span class='ocr_line' id='line_1_13' title="bbox 235 889 1188 943; baseline -0.002 -12"><span class='ocrx_word' id='word_1_84' title='bbox 235 892 357 943; x_wconf 86' lang='lat' dir='ltr'><strong>Inque</strong></span> <span class='ocrx_word' id='word_1_85' title='bbox 390 891 452 930; x_wconf 92' lang='lat' dir='ltr'><strong>dei</strong></span> <span class='ocrx_word' id='word_1_86' title='bbox 483 897 622 943; x_wconf 90' lang='lat' dir='ltr'><strong>pectus</strong></span> <span class='ocrx_word' id='word_1_87' title='bbox 655 890 805 929; x_wconf 86' lang='lat' dir='ltr'><strong>celeres</strong></span> <span class='ocrx_word' id='word_1_88' title='bbox 837 889 974 930; x_wconf 90' lang='lat' dir='ltr'><strong>molire</strong></span> <span class='ocrx_word' id='word_1_89' title='bbox 1006 892 1188 943; x_wconf 83' lang='lat' dir='ltr'><strong>sagittas,</strong></span> 
     </span>
    </p>

    <p class='ocr_par' dir='ltr' id='par_1_5' title="bbox 235 949 1330 1060">
     <span class='ocr_line' id='line_1_14' title="bbox 237 949 1247 1001; baseline -0.001 -12"><span class='ocrx_word' id='word_1_90' title='bbox 237 951 308 989; x_wconf 91' lang='lat' dir='ltr'><strong>Cui</strong></span> <span class='ocrx_word' id='word_1_91' title='bbox 339 950 504 1001; x_wconf 89' lang='lat' dir='ltr'><strong>triplicis</strong></span> <span class='ocrx_word' id='word_1_92' title='bbox 537 951 656 988; x_wconf 84' lang='lat' dir='ltr'><strong>cessit</strong></span> <span class='ocrx_word' id='word_1_93' title='bbox 687 949 843 988; x_wconf 82' lang='lat' dir='ltr'><strong>fortuna</strong></span> <span class='ocrx_word' id='word_1_94' title='bbox 874 950 1083 988; x_wconf 86' lang='lat' dir='ltr'><strong>novissima</strong></span> <span class='ocrx_word' id='word_1_95' title='bbox 1114 951 1247 1000; x_wconf 87' lang='lat' dir='ltr'><strong>regni.</strong></span> 
     </span>
     <span class='ocr_line' id='line_1_15' title="bbox 235 1007 1330 1060; baseline -0.001 -12"><span class='ocrx_word' id='word_1_96' title='bbox 235 1009 296 1048; x_wconf 88' lang='lat' dir='ltr'><strong>Tu</strong></span> <span class='ocrx_word' id='word_1_97' title='bbox 328 1020 492 1060; x_wconf 88' lang='lat' dir='ltr'><strong>superos</strong></span> <span class='ocrx_word' id='word_1_98' title='bbox 523 1010 731 1060; x_wconf 90' lang='lat' dir='ltr'><strong>ipsumque</strong></span> <span class='ocrx_word' id='word_1_99' title='bbox 766 1007 923 1060; x_wconf 84' lang='lat' dir='ltr'><strong>Iovem,</strong></span> <span class='ocrx_word' id='word_1_100' title='bbox 956 1013 998 1047; x_wconf 90' lang='lat' dir='ltr'><strong>tu</strong></span> <span class='ocrx_word' id='word_1_101' title='bbox 1030 1009 1189 1047; x_wconf 90' lang='lat' dir='ltr'><strong>numina</strong></span> <span class='ocrx_word' id='word_1_102' title='bbox 1220 1009 1330 1060; x_wconf 91' lang='lat' dir='ltr'><strong>ponti</strong></span> 
     </span>
    </p>

    <p class='ocr_par' dir='ltr' id='par_1_6' title="bbox 149 1066 1434 1235">
     <span class='ocr_line' id='line_1_16' title="bbox 149 1066 1369 1119; baseline -0.002 -12"><span class='ocrx_word' id='word_1_103' title='bbox 149 1075 216 1107; x_wconf 79' lang='grc'><strong>370</strong></span> <span class='ocrx_word' id='word_1_104' title='bbox 237 1066 344 1106; x_wconf 89' lang='lat' dir='ltr'><strong>Victa</strong></span> <span class='ocrx_word' id='word_1_105' title='bbox 376 1067 510 1105; x_wconf 87' lang='lat' dir='ltr'><strong>domas</strong></span> <span class='ocrx_word' id='word_1_106' title='bbox 542 1069 779 1119; x_wconf 85' lang='lat' dir='ltr'><strong>ipsumque,</strong></span> <span class='ocrx_word' id='word_1_107' title='bbox 811 1067 913 1117; x_wconf 85' lang='lat' dir='ltr'><strong>regit</strong></span> <span class='ocrx_word' id='word_1_108' title='bbox 944 1067 1013 1117; x_wconf 92' lang='lat' dir='ltr'><strong>qui</strong></span> <span class='ocrx_word' id='word_1_109' title='bbox 1046 1067 1205 1106; x_wconf 90' lang='lat' dir='ltr'><strong>numina</strong></span> <span class='ocrx_word' id='word_1_110' title='bbox 1236 1067 1369 1118; x_wconf 89' lang='lat' dir='ltr'><strong>ponti.</strong></span> 
     </span>
     <span class='ocr_line' id='line_1_17' title="bbox 236 1122 1434 1177; baseline 0.001 -13"><span class='ocrx_word' id='word_1_111' title='bbox 236 1126 398 1164; x_wconf 85' lang='lat' dir='ltr'><strong>Tartara</strong></span> <span class='ocrx_word' id='word_1_112' title='bbox 430 1124 522 1176; x_wconf 91' lang='lat' dir='ltr'><strong>quid</strong></span> <span class='ocrx_word' id='word_1_113' title='bbox 556 1122 751 1163; x_wconf 78' lang='lat' dir='ltr'><strong>cessant?</strong></span> <span class='ocrx_word' id='word_1_114' title='bbox 783 1136 854 1163; x_wconf 90' lang='lat' dir='ltr'><strong>cur</strong></span> <span class='ocrx_word' id='word_1_115' title='bbox 886 1136 964 1163; x_wconf 87' lang='lat' dir='ltr'><strong>non</strong></span> <span class='ocrx_word' id='word_1_116' title='bbox 997 1126 1211 1176; x_wconf 89' lang='lat' dir='ltr'><strong>matrisque</strong></span> <span class='ocrx_word' id='word_1_117' title='bbox 1243 1130 1434 1177; x_wconf 83' lang='lat' dir='ltr'><strong>tuumque</strong></span> 
     </span>
     <span class='ocr_line' id='line_1_18' title="bbox 236 1181 1293 1235; baseline 0.001 -13"><span class='ocrx_word' id='word_1_118' title='bbox 236 1184 448 1235; x_wconf 85' lang='lat' dir='ltr'><strong>Imperium</strong></span> <span class='ocrx_word' id='word_1_119' title='bbox 478 1184 633 1235; x_wconf 82' lang='lat' dir='ltr'><strong>profers</strong></span> <span class='ocrx_word' id='word_1_120' title='bbox 652 1181 673 1222; x_wconf 69' lang='grc' dir='ltr'>Ρ</span> <span class='ocrx_word' id='word_1_121' title='bbox 705 1184 833 1234; x_wconf 84' lang='lat' dir='ltr'><strong>agitur</strong></span> <span class='ocrx_word' id='word_1_122' title='bbox 866 1194 956 1234; x_wconf 86' lang='lat' dir='ltr'><strong>pars</strong></span> <span class='ocrx_word' id='word_1_123' title='bbox 988 1184 1103 1222; x_wconf 87' lang='lat' dir='ltr'><strong>tertia</strong></span> <span class='ocrx_word' id='word_1_124' title='bbox 1135 1183 1293 1223; x_wconf 88' lang='lat' dir='ltr'><strong>mundi.</strong></span> 
     </span>
    </p>

    <p class='ocr_par' dir='ltr' id='par_1_7' title="bbox 151 1241 1427 1644">
     <span class='ocr_line' id='line_1_19' title="bbox 236 1241 1422 1295; baseline 0 -14"><span class='ocrx_word' id='word_1_125' title='bbox 236 1242 286 1281; x_wconf 90' lang='lat' dir='ltr'><strong>Et</strong></span> <span class='ocrx_word' id='word_1_126' title='bbox 316 1248 446 1281; x_wconf 90' lang='lat' dir='ltr'><strong>tamen</strong></span> <span class='ocrx_word' id='word_1_127' title='bbox 477 1243 518 1280; x_wconf 92' lang='lat' dir='ltr'><strong>in</strong></span> <span class='ocrx_word' id='word_1_128' title='bbox 550 1241 656 1280; x_wconf 89' lang='lat' dir='ltr'><strong>caelo</strong></span> <span class='ocrx_word' id='word_1_129' title='bbox 675 1272 686 1294; x_wconf 92' lang='lat'><em>,</em></span> <span class='ocrx_word' id='word_1_130' title='bbox 719 1253 817 1292; x_wconf 90' lang='lat' dir='ltr'><strong>quae</strong></span> <span class='ocrx_word' id='word_1_131' title='bbox 849 1243 925 1280; x_wconf 89' lang='lat' dir='ltr'><strong>iam</strong></span> <span class='ocrx_word' id='word_1_132' title='bbox 957 1242 1143 1293; x_wconf 88' lang='lat' dir='ltr'><strong>patientia</strong></span> <span class='ocrx_word' id='word_1_133' title='bbox 1175 1247 1309 1281; x_wconf 88' lang='lat' dir='ltr'><strong>nostra</strong></span> <span class='ocrx_word' id='word_1_134' title='bbox 1340 1247 1422 1295; x_wconf 82' lang='lat' dir='ltr'><strong>est,</strong></span> 
     </span>
     <span class='ocr_line' id='line_1_20' title="bbox 238 1300 1338 1352; baseline -0.001 -12"><span class='ocrx_word' id='word_1_135' title='bbox 238 1301 470 1352; x_wconf 86' lang='lat' dir='ltr'><strong>Spernimur</strong></span> <span class='ocrx_word' id='word_1_136' title='bbox 503 1312 546 1339; x_wconf 91' lang='lat' dir='ltr'><strong>ac</strong></span> <span class='ocrx_word' id='word_1_137' title='bbox 579 1311 732 1339; x_wconf 91' lang='lat' dir='ltr'><strong>mecum</strong></span> <span class='ocrx_word' id='word_1_138' title='bbox 765 1301 867 1338; x_wconf 87' lang='lat' dir='ltr'><strong>vires</strong></span> <span class='ocrx_word' id='word_1_139' title='bbox 899 1301 1132 1339; x_wconf 89' lang='lat' dir='ltr'><strong>minuuntur</strong></span> <span class='ocrx_word' id='word_1_140' title='bbox 1163 1300 1338 1340; x_wconf 83' lang='lat' dir='ltr'><strong>Amoris.</strong></span> 
     </span>
     <span class='ocr_line' id='line_1_21' title="bbox 151 1357 1258 1409; baseline -0.001 -11"><span class='ocrx_word' id='word_1_141' title='bbox 151 1366 216 1398; x_wconf 82' lang='lat'><strong>375</strong></span> <span class='ocrx_word' id='word_1_142' title='bbox 236 1359 390 1398; x_wconf 78' lang='lat' dir='ltr'><strong>Pallada</strong></span> <span class='ocrx_word' id='word_1_143' title='bbox 422 1371 550 1398; x_wconf 90' lang='lat' dir='ltr'><strong>nonne</strong></span> <span class='ocrx_word' id='word_1_144' title='bbox 583 1359 690 1397; x_wconf 92' lang='lat' dir='ltr'><strong>vides</strong></span> <span class='ocrx_word' id='word_1_145' title='bbox 722 1357 1066 1409; x_wconf 82' lang='lat' dir='ltr'><strong>iaculatricemque</strong></span> <span class='ocrx_word' id='word_1_146' title='bbox 1098 1358 1258 1397; x_wconf 88' lang='lat' dir='ltr'><strong>Dianam</strong></span> 
     </span>
     <span class='ocr_line' id='line_1_22' title="bbox 236 1414 1300 1469; baseline 0 -13"><span class='ocrx_word' id='word_1_147' title='bbox 236 1417 484 1457; x_wconf 88' lang='lat' dir='ltr'><strong>Abscessisse</strong></span> <span class='ocrx_word' id='word_1_148' title='bbox 516 1414 650 1456; x_wconf 82' lang='lat' dir='ltr'><strong>mihi?</strong></span> <span class='ocrx_word' id='word_1_149' title='bbox 683 1415 837 1455; x_wconf 90' lang='lat' dir='ltr'><strong>Cereris</strong></span> <span class='ocrx_word' id='word_1_150' title='bbox 870 1428 1026 1467; x_wconf 88' lang='lat' dir='ltr'><strong>quoque</strong></span> <span class='ocrx_word' id='word_1_151' title='bbox 1060 1416 1136 1455; x_wconf 85' lang='lat' dir='ltr'><strong>filia</strong></span> <span class='ocrx_word' id='word_1_152' title='bbox 1167 1418 1300 1469; x_wconf 84' lang='lat' dir='ltr'><strong>virgo,</strong></span> 
     </span>
     <span class='ocr_line' id='line_1_23' title="bbox 238 1475 1309 1528; baseline -0.001 -13"><span class='ocrx_word' id='word_1_153' title='bbox 238 1475 279 1515; x_wconf 92' lang='lat' dir='ltr'><strong>Si</strong></span> <span class='ocrx_word' id='word_1_154' title='bbox 310 1478 505 1528; x_wconf 87' lang='lat' dir='ltr'><strong>patiemur</strong></span> <span class='ocrx_word' id='word_1_155' title='bbox 524 1506 535 1528; x_wconf 83' lang='lat'><strong><em>,</em></strong></span> <span class='ocrx_word' id='word_1_156' title='bbox 567 1476 671 1514; x_wconf 90' lang='lat' dir='ltr'><strong>erit:</strong></span> <span class='ocrx_word' id='word_1_157' title='bbox 703 1487 793 1513; x_wconf 88' lang='lat' dir='ltr'><strong>nam</strong></span> <span class='ocrx_word' id='word_1_158' title='bbox 825 1487 914 1526; x_wconf 85' lang='lat' dir='ltr'><strong>spes</strong></span> <span class='ocrx_word' id='word_1_159' title='bbox 947 1476 1100 1514; x_wconf 78' lang='lat' dir='ltr'><strong>affectat</strong></span> <span class='ocrx_word' id='word_1_160' title='bbox 1132 1475 1309 1514; x_wconf 88' lang='lat' dir='ltr'><strong>easdem.</strong></span> 
     </span>
     <span class='ocr_line' id='line_1_24' title="bbox 236 1535 1281 1586; baseline -0.001 -13"><span class='ocrx_word' id='word_1_161' title='bbox 236 1537 285 1573; x_wconf 87' lang='lat' dir='ltr'><strong>At</strong></span> <span class='ocrx_word' id='word_1_162' title='bbox 316 1540 358 1574; x_wconf 89' lang='lat' dir='ltr'><strong>tu</strong></span> <span class='ocrx_word' id='word_1_163' title='bbox 390 1546 462 1586; x_wconf 88' lang='lat' dir='ltr'><strong>pro</strong></span> <span class='ocrx_word' id='word_1_164' title='bbox 495 1535 601 1572; x_wconf 85' lang='lat' dir='ltr'><strong>socio</strong></span> <span class='ocrx_word' id='word_1_165' title='bbox 621 1565 632 1586; x_wconf 90' lang='lat'><em>‚</em></span> <span class='ocrx_word' id='word_1_166' title='bbox 664 1535 775 1584; x_wconf 90' lang='lat' dir='ltr'><strong>siqua</strong></span> <span class='ocrx_word' id='word_1_167' title='bbox 808 1539 869 1572; x_wconf 87' lang='lat' dir='ltr'><strong>est</strong></span> <span class='ocrx_word' id='word_1_168' title='bbox 901 1545 944 1572; x_wconf 89' lang='lat' dir='ltr'><strong>ea</strong></span> <span class='ocrx_word' id='word_1_169' title='bbox 976 1535 1097 1584; x_wconf 84' lang='lat' dir='ltr'><strong>gratia</strong></span> <span class='ocrx_word' id='word_1_170' title='bbox 1116 1564 1127 1586; x_wconf 89' lang='lat'><em>,</em></span> <span class='ocrx_word' id='word_1_171' title='bbox 1159 1545 1281 1585; x_wconf 87' lang='lat' dir='ltr'><strong>regno</strong></span> 
     </span>
     <span class='ocr_line' id='line_1_25' title="bbox 236 1588 1427 1644; baseline 0 -13"><span class='ocrx_word' id='word_1_172' title='bbox 236 1594 357 1644; x_wconf 86' lang='lat' dir='ltr'><strong>Iunge</strong></span> <span class='ocrx_word' id='word_1_173' title='bbox 389 1594 501 1631; x_wconf 89' lang='lat' dir='ltr'><strong>deam</strong></span> <span class='ocrx_word' id='word_1_174' title='bbox 531 1597 671 1643; x_wconf 90' lang='lat' dir='ltr'><strong>patruo</strong></span> <span class='ocrx_word' id='word_1_175' title='bbox 687 1588 744 1630; x_wconf 89' lang='lat'><strong>.”&#39;</strong></span> <span class='ocrx_word' id='word_1_176' title='bbox 782 1591 880 1630; x_wconf 81' lang='lat' dir='ltr'><strong>dixit</strong></span> <span class='ocrx_word' id='word_1_177' title='bbox 911 1590 1070 1631; x_wconf 90' lang='lat' dir='ltr'><strong>Venus.</strong></span> <span class='ocrx_word' id='word_1_178' title='bbox 1108 1591 1172 1631; x_wconf 92' lang='lat' dir='ltr'><strong>ille</strong></span> <span class='ocrx_word' id='word_1_179' title='bbox 1204 1592 1427 1644; x_wconf 85' lang='lat' dir='ltr'><strong>pharetram</strong></span> 
     </span>
    </p>

    <p class='ocr_par' dir='ltr' id='par_1_8' title="bbox 151 1649 1458 1935">
     <span class='ocr_line' id='line_1_26' title="bbox 151 1649 1188 1701; baseline -0.001 -11"><span class='ocrx_word' id='word_1_180' title='bbox 151 1659 218 1691; x_wconf 86' lang='lat'><strong>380</strong></span> <span class='ocrx_word' id='word_1_181' title='bbox 240 1651 363 1690; x_wconf 89' lang='lat' dir='ltr'><strong>Solvit</strong></span> <span class='ocrx_word' id='word_1_182' title='bbox 394 1656 433 1690; x_wconf 89' lang='lat' dir='ltr'><strong>et</strong></span> <span class='ocrx_word' id='word_1_183' title='bbox 464 1650 624 1689; x_wconf 88' lang='lat' dir='ltr'><strong>arbitrio</strong></span> <span class='ocrx_word' id='word_1_184' title='bbox 657 1651 792 1689; x_wconf 87' lang='lat' dir='ltr'><strong>matris</strong></span> <span class='ocrx_word' id='word_1_185' title='bbox 823 1649 870 1688; x_wconf 88' lang='lat' dir='ltr'><strong>de</strong></span> <span class='ocrx_word' id='word_1_186' title='bbox 902 1649 1005 1689; x_wconf 91' lang='lat' dir='ltr'><strong>mille</strong></span> <span class='ocrx_word' id='word_1_187' title='bbox 1038 1652 1188 1701; x_wconf 85' lang='lat' dir='ltr'><strong>sagittis</strong></span> 
     </span>
     <span class='ocr_line' id='line_1_27' title="bbox 237 1708 1199 1761; baseline -0.001 -13"><span class='ocrx_word' id='word_1_188' title='bbox 237 1709 361 1748; x_wconf 87' lang='lat' dir='ltr'><strong>Unam</strong></span> <span class='ocrx_word' id='word_1_189' title='bbox 393 1711 597 1761; x_wconf 87' lang='lat' dir='ltr'><strong>seposuit,</strong></span> <span class='ocrx_word' id='word_1_190' title='bbox 630 1708 697 1747; x_wconf 90' lang='lat' dir='ltr'><strong>sed</strong></span> <span class='ocrx_word' id='word_1_191' title='bbox 730 1720 805 1759; x_wconf 92' lang='lat' dir='ltr'><strong>qua</strong></span> <span class='ocrx_word' id='word_1_192' title='bbox 837 1720 910 1747; x_wconf 89' lang='lat' dir='ltr'><strong>nec</strong></span> <span class='ocrx_word' id='word_1_193' title='bbox 941 1710 1092 1748; x_wconf 87' lang='lat' dir='ltr'><strong>acutior</strong></span> <span class='ocrx_word' id='word_1_194' title='bbox 1123 1708 1199 1748; x_wconf 90' lang='lat' dir='ltr'><strong>ulla</strong></span> 
     </span>
     <span class='ocr_line' id='line_1_28' title="bbox 236 1766 1458 1820; baseline 0.001 -14"><span class='ocrx_word' id='word_1_195' title='bbox 236 1767 317 1806; x_wconf 91' lang='lat' dir='ltr'><strong>Nec</strong></span> <span class='ocrx_word' id='word_1_196' title='bbox 348 1769 477 1806; x_wconf 88' lang='lat' dir='ltr'><strong>minus</strong></span> <span class='ocrx_word' id='word_1_197' title='bbox 509 1769 658 1806; x_wconf 87' lang='lat' dir='ltr'><strong>incerta</strong></span> <span class='ocrx_word' id='word_1_198' title='bbox 690 1772 778 1818; x_wconf 88' lang='lat' dir='ltr'><strong>est,</strong></span> <span class='ocrx_word' id='word_1_199' title='bbox 810 1779 883 1805; x_wconf 88' lang='lat' dir='ltr'><strong>nec</strong></span> <span class='ocrx_word' id='word_1_200' title='bbox 909 1779 1007 1818; x_wconf 90' lang='lat' dir='ltr'><strong>quae</strong></span> <span class='ocrx_word' id='word_1_201' title='bbox 1028 1768 1149 1818; x_wconf 83' lang='lat' dir='ltr'><strong>magis</strong></span> <span class='ocrx_word' id='word_1_202' title='bbox 1170 1766 1299 1807; x_wconf 89' lang='lat' dir='ltr'><strong>audiat</strong></span> <span class='ocrx_word' id='word_1_203' title='bbox 1319 1779 1458 1820; x_wconf 87' lang='lat' dir='ltr'><strong>arcus;</strong></span> 
     </span>
     <span class='ocr_line' id='line_1_29' title="bbox 237 1825 1198 1877; baseline -0.001 -12"><span class='ocrx_word' id='word_1_204' title='bbox 237 1825 503 1877; x_wconf 91' lang='lat' dir='ltr'><strong>Oppositoque</strong></span> <span class='ocrx_word' id='word_1_205' title='bbox 535 1838 638 1875; x_wconf 83' lang='lat' dir='ltr'><strong>genu</strong></span> <span class='ocrx_word' id='word_1_206' title='bbox 671 1826 843 1863; x_wconf 88' lang='lat' dir='ltr'><strong>curvavit</strong></span> <span class='ocrx_word' id='word_1_207' title='bbox 873 1825 1000 1864; x_wconf 80' lang='lat' dir='ltr'><strong>flexile</strong></span> <span class='ocrx_word' id='word_1_208' title='bbox 1034 1837 1198 1864; x_wconf 82' lang='lat' dir='ltr'><strong>cornum</strong></span> 
     </span>
     <span class='ocr_line' id='line_1_30' title="bbox 237 1883 1302 1935; baseline 0 -12"><span class='ocrx_word' id='word_1_209' title='bbox 237 1884 359 1935; x_wconf 87' lang='lat' dir='ltr'><strong>Inque</strong></span> <span class='ocrx_word' id='word_1_210' title='bbox 392 1896 460 1922; x_wconf 91' lang='lat' dir='ltr'><strong>cor</strong></span> <span class='ocrx_word' id='word_1_211' title='bbox 492 1883 642 1922; x_wconf 90' lang='lat' dir='ltr'><strong>hamata</strong></span> <span class='ocrx_word' id='word_1_212' title='bbox 674 1884 871 1934; x_wconf 81' lang='lat' dir='ltr'><strong>percussit</strong></span> <span class='ocrx_word' id='word_1_213' title='bbox 901 1883 1119 1923; x_wconf 84' lang='lat' dir='ltr'><strong>harundine</strong></span> <span class='ocrx_word' id='word_1_214' title='bbox 1152 1884 1302 1924; x_wconf 87' lang='lat' dir='ltr'><strong>Ditem.</strong></span> 
     </span>
    </p>

    <p class='ocr_par' dir='ltr' id='par_1_9' title="bbox 150 1941 1457 2110">
     <span class='ocr_line' id='line_1_31' title="bbox 150 1941 1457 1995; baseline -0.001 -12"><span class='ocrx_word' id='word_1_215' title='bbox 150 1951 217 1983; x_wconf 82' lang='lat'><strong>385</strong></span> <span class='ocrx_word' id='word_1_216' title='bbox 295 1942 407 1981; x_wconf 89' lang='lat' dir='ltr'><strong>Haud</strong></span> <span class='ocrx_word' id='word_1_217' title='bbox 439 1942 577 1993; x_wconf 85' lang='lat' dir='ltr'><strong>procul</strong></span> <span class='ocrx_word' id='word_1_218' title='bbox 607 1941 802 1980; x_wconf 83' lang='lat' dir='ltr'><strong>Hennaeis</strong></span> <span class='ocrx_word' id='word_1_219' title='bbox 827 1941 935 1980; x_wconf 88' lang='lat' dir='ltr'><strong>lacus</strong></span> <span class='ocrx_word' id='word_1_220' title='bbox 967 1949 1027 1981; x_wconf 91' lang='lat' dir='ltr'><strong>est</strong></span> <span class='ocrx_word' id='word_1_221' title='bbox 1057 1954 1078 1980; x_wconf 90' lang='lat' dir='ltr'><strong>a</strong></span> <span class='ocrx_word' id='word_1_222' title='bbox 1110 1942 1315 1981; x_wconf 90' lang='lat' dir='ltr'><strong>moenibus</strong></span> <span class='ocrx_word' id='word_1_223' title='bbox 1336 1942 1457 1995; x_wconf 68' lang='lat' dir='ltr'><strong>altae,</strong></span> 
     </span>
     <span class='ocr_line' id='line_1_32' title="bbox 235 2000 1359 2053; baseline 0.001 -13"><span class='ocrx_word' id='word_1_224' title='bbox 235 2001 400 2040; x_wconf 87' lang='lat' dir='ltr'><strong>Nomine</strong></span> <span class='ocrx_word' id='word_1_225' title='bbox 431 2000 580 2051; x_wconf 86' lang='lat' dir='ltr'><strong>Pergus</strong></span> <span class='ocrx_word' id='word_1_226' title='bbox 598 2032 610 2053; x_wconf 86' lang='lat'><em>‚</em></span> <span class='ocrx_word' id='word_1_227' title='bbox 641 2011 791 2051; x_wconf 88' lang='lat' dir='ltr'><strong>aquae.</strong></span> <span class='ocrx_word' id='word_1_228' title='bbox 830 2011 907 2038; x_wconf 89' lang='lat' dir='ltr'><strong>non</strong></span> <span class='ocrx_word' id='word_1_229' title='bbox 939 2000 1002 2038; x_wconf 95' lang='lat' dir='ltr'><strong>illo</strong></span> <span class='ocrx_word' id='word_1_230' title='bbox 1034 2000 1146 2051; x_wconf 89' lang='lat' dir='ltr'><strong>plura</strong></span> <span class='ocrx_word' id='word_1_231' title='bbox 1178 2000 1359 2052; x_wconf 78' lang='lat' dir='ltr'><strong>Caystros</strong></span> 
     </span>
     <span class='ocr_line' id='line_1_33' title="bbox 237 2057 1290 2110; baseline -0.001 -11"><span class='ocrx_word' id='word_1_232' title='bbox 237 2059 414 2099; x_wconf 84' lang='lat' dir='ltr'><strong>Carmina</strong></span> <span class='ocrx_word' id='word_1_233' title='bbox 448 2071 660 2110; x_wconf 85' lang='lat' dir='ltr'><strong>cycnorum</strong></span> <span class='ocrx_word' id='word_1_234' title='bbox 690 2057 911 2097; x_wconf 89' lang='lat' dir='ltr'><strong>labentibus</strong></span> <span class='ocrx_word' id='word_1_235' title='bbox 943 2058 1051 2097; x_wconf 87' lang='lat' dir='ltr'><strong>audit</strong></span> <span class='ocrx_word' id='word_1_236' title='bbox 1081 2060 1120 2097; x_wconf 88' lang='lat' dir='ltr'><strong>in</strong></span> <span class='ocrx_word' id='word_1_237' title='bbox 1153 2059 1290 2098; x_wconf 88' lang='lat' dir='ltr'><strong>undis.</strong></span> 
     </span>
    </p>

    <p class='ocr_par' dir='ltr' id='par_1_10' title="bbox 235 2115 1372 2226">
     <span class='ocr_line' id='line_1_34' title="bbox 238 2115 1372 2169; baseline 0 -13"><span class='ocrx_word' id='word_1_238' title='bbox 238 2117 340 2156; x_wconf 85' lang='lat' dir='ltr'><strong>Silva</strong></span> <span class='ocrx_word' id='word_1_239' title='bbox 373 2123 534 2156; x_wconf 89' lang='lat' dir='ltr'><strong>coronat</strong></span> <span class='ocrx_word' id='word_1_240' title='bbox 566 2128 685 2168; x_wconf 88' lang='lat' dir='ltr'><strong>aquas</strong></span> <span class='ocrx_word' id='word_1_241' title='bbox 717 2118 878 2167; x_wconf 87' lang='lat' dir='ltr'><strong>cingens</strong></span> <span class='ocrx_word' id='word_1_242' title='bbox 909 2115 1010 2155; x_wconf 90' lang='lat' dir='ltr'><strong>latus</strong></span> <span class='ocrx_word' id='word_1_243' title='bbox 1042 2129 1180 2169; x_wconf 89' lang='lat' dir='ltr'><strong>omne,</strong></span> <span class='ocrx_word' id='word_1_244' title='bbox 1212 2119 1372 2169; x_wconf 88' lang='lat' dir='ltr'><strong>suisque</strong></span> 
     </span>
     <span class='ocr_line' id='line_1_35' title="bbox 235 2174 1295 2226; baseline 0 -11"><span class='ocrx_word' id='word_1_245' title='bbox 235 2175 456 2215; x_wconf 89' lang='lat' dir='ltr'><strong>Frondihus</strong></span> <span class='ocrx_word' id='word_1_246' title='bbox 489 2181 532 2215; x_wconf 91' lang='lat' dir='ltr'><strong>ut</strong></span> <span class='ocrx_word' id='word_1_247' title='bbox 563 2175 647 2214; x_wconf 89' lang='lat' dir='ltr'><strong>velo</strong></span> <span class='ocrx_word' id='word_1_248' title='bbox 678 2174 882 2213; x_wconf 86' lang='lat' dir='ltr'><strong>Phoebeos</strong></span> <span class='ocrx_word' id='word_1_249' title='bbox 914 2181 1132 2214; x_wconf 89' lang='lat' dir='ltr'><strong>summovet</strong></span> <span class='ocrx_word' id='word_1_250' title='bbox 1163 2176 1295 2226; x_wconf 86' lang='lat' dir='ltr'><strong>ignes.</strong></span> 
     </span>
    </p>

    <p class='ocr_par' dir='ltr' id='par_1_11' title="bbox 150 2233 1338 2403">
     <span class='ocr_line' id='line_1_36' title="bbox 150 2233 1338 2286; baseline 0.001 -13"><span class='ocrx_word' id='word_1_251' title='bbox 150 2242 216 2274; x_wconf 81' lang='lat'><strong>390</strong></span> <span class='ocrx_word' id='word_1_252' title='bbox 235 2234 397 2285; x_wconf 83' lang='lat' dir='ltr'><strong>Frigora</strong></span> <span class='ocrx_word' id='word_1_253' title='bbox 429 2234 521 2273; x_wconf 90' lang='lat' dir='ltr'><strong>dant</strong></span> <span class='ocrx_word' id='word_1_254' title='bbox 539 2235 666 2286; x_wconf 88' lang='lat' dir='ltr'><strong>rami,</strong></span> <span class='ocrx_word' id='word_1_255' title='bbox 693 2233 830 2285; x_wconf 83' lang='lat' dir='ltr'><strong>Tyrios</strong></span> <span class='ocrx_word' id='word_1_256' title='bbox 862 2233 1004 2272; x_wconf 89' lang='lat' dir='ltr'><strong>humus</strong></span> <span class='ocrx_word' id='word_1_257' title='bbox 1037 2233 1166 2272; x_wconf 89' lang='lat' dir='ltr'><strong>umida</strong></span> <span class='ocrx_word' id='word_1_258' title='bbox 1197 2233 1338 2274; x_wconf 84' lang='lat' dir='ltr'><strong>flores:</strong></span> 
     </span>
     <span class='ocr_line' id='line_1_37' title="bbox 236 2291 1320 2344; baseline 0 -13"><span class='ocrx_word' id='word_1_259' title='bbox 236 2292 475 2344; x_wconf 78' lang='lat' dir='ltr'><strong>perpetuum</strong></span> <span class='ocrx_word' id='word_1_260' title='bbox 508 2305 575 2331; x_wconf 89' lang='lat' dir='ltr'><strong>ver</strong></span> <span class='ocrx_word' id='word_1_261' title='bbox 607 2297 694 2331; x_wconf 89' lang='lat' dir='ltr'><strong>est.</strong></span> <span class='ocrx_word' id='word_1_262' title='bbox 733 2304 810 2342; x_wconf 90' lang='lat' dir='ltr'><strong>quo</strong></span> <span class='ocrx_word' id='word_1_263' title='bbox 843 2291 935 2330; x_wconf 89' lang='lat' dir='ltr'><strong>dum</strong></span> <span class='ocrx_word' id='word_1_264' title='bbox 967 2291 1201 2343; x_wconf 85' lang='lat' dir='ltr'><strong>Proserpina</strong></span> <span class='ocrx_word' id='word_1_265' title='bbox 1231 2292 1320 2331; x_wconf 91' lang='lat' dir='ltr'><strong>luco</strong></span> 
     </span>
     <span class='ocr_line' id='line_1_38' title="bbox 238 2349 1279 2403; baseline -0.002 -13"><span class='ocrx_word' id='word_1_266' title='bbox 238 2349 382 2402; x_wconf 89' lang='lat' dir='ltr'><strong>Ludit,</strong></span> <span class='ocrx_word' id='word_1_267' title='bbox 415 2357 454 2389; x_wconf 88' lang='lat' dir='ltr'><strong>et</strong></span> <span class='ocrx_word' id='word_1_268' title='bbox 484 2356 551 2390; x_wconf 92' lang='lat' dir='ltr'><strong>aut</strong></span> <span class='ocrx_word' id='word_1_269' title='bbox 582 2350 700 2390; x_wconf 89' lang='lat' dir='ltr'><strong>violas</strong></span> <span class='ocrx_word' id='word_1_270' title='bbox 733 2354 799 2389; x_wconf 89' lang='lat' dir='ltr'><strong>aut</strong></span> <span class='ocrx_word' id='word_1_271' title='bbox 830 2349 991 2389; x_wconf 88' lang='lat' dir='ltr'><strong>candida</strong></span> <span class='ocrx_word' id='word_1_272' title='bbox 1022 2349 1100 2388; x_wconf 90' lang='lat' dir='ltr'><strong>lilia</strong></span> <span class='ocrx_word' id='word_1_273' title='bbox 1132 2352 1279 2403; x_wconf 81' lang='lat' dir='ltr'><strong>carpit,</strong></span> 
     </span>
    </p>
   </div>
  </div>
 </body>
</html>
