<?xml version="1.0" encoding="UTF-8"?>
<!DOCTYPE html PUBLIC "-//W3C//DTD XHTML 1.0 Transitional//EN"
    "http://www.w3.org/TR/xhtml1/DTD/xhtml1-transitional.dtd">
<html xmlns="http://www.w3.org/1999/xhtml" xml:lang="en" lang="en">
 <head>
  <title>
</title>
<meta http-equiv="Content-Type" content="text/html;charset=utf-8" />
  <meta name='ocr-system' content='tesseract 3.04.00' />
  <meta name='ocr-capabilities' content='ocr_page ocr_carea ocr_par ocr_line ocrx_word'/>
</head>
<body>
  <div class='ocr_page' id='page_1' title='image "./operaovid02oviduoft_0267.png"; bbox 0 0 1554 2563; ppageno 0'>
   <div class='ocr_carea' id='block_1_1' title="bbox 572 146 1395 193">
    <p class='ocr_par' dir='ltr' id='par_1_1' title="bbox 572 146 1395 193">
     <span class='ocr_line' id='line_1_1' title="bbox 572 146 1395 193; baseline 0.007 -11"><span class='ocrx_word' id='word_1_1' title='bbox 572 147 644 193; x_wconf 79' lang='lat' dir='ltr'>IX,</span> <span class='ocrx_word' id='word_1_2' title='bbox 672 152 880 183; x_wconf 77' lang='lat'><strong>653—726.</strong></span> <span class='ocrx_word' id='word_1_3' title='bbox 1049 160 1141 183; x_wconf 72' lang='lat' dir='ltr'>mus</span> <span class='ocrx_word' id='word_1_4' title='bbox 1314 146 1395 188; x_wconf 86' lang='lat'>193</span> 
     </span>
    </p>
   </div>
   <div class='ocr_carea' id='block_1_2' title="bbox 86 256 1403 2472">
    <p class='ocr_par' dir='ltr' id='par_1_2' title="bbox 86 256 1396 545">
     <span class='ocr_line' id='line_1_2' title="bbox 86 256 1190 310; baseline -0.001 -12"><span class='ocrx_word' id='word_1_5' title='bbox 86 267 154 299; x_wconf 82' lang='grc'>690</span> <span class='ocrx_word' id='word_1_6' title='bbox 174 259 224 298; x_wconf 90' lang='lat' dir='ltr'>Et</span> <span class='ocrx_word' id='word_1_7' title='bbox 254 258 383 310; x_wconf 87' lang='lat' dir='ltr'>regale</span> <span class='ocrx_word' id='word_1_8' title='bbox 417 259 566 298; x_wconf 89' lang='lat' dir='ltr'>decus:</span> <span class='ocrx_word' id='word_1_9' title='bbox 598 270 687 297; x_wconf 90' lang='lat' dir='ltr'>cum</span> <span class='ocrx_word' id='word_1_10' title='bbox 720 269 795 308; x_wconf 90' lang='lat' dir='ltr'>qua</span> <span class='ocrx_word' id='word_1_11' title='bbox 826 257 987 297; x_wconf 89' lang='lat' dir='ltr'>latrator</span> <span class='ocrx_word' id='word_1_12' title='bbox 1018 256 1190 310; x_wconf 83' lang='lat' dir='ltr'>Anubis,</span> 
     </span>
     <span class='ocr_line' id='line_1_3' title="bbox 176 317 1250 369; baseline -0.002 -12"><span class='ocrx_word' id='word_1_13' title='bbox 176 318 395 369; x_wconf 83' lang='lat' dir='ltr'>Sanctaque</span> <span class='ocrx_word' id='word_1_14' title='bbox 427 317 638 369; x_wconf 86' lang='lat' dir='ltr'>Bubastis,</span> <span class='ocrx_word' id='word_1_15' title='bbox 670 318 878 368; x_wconf 87' lang='lat' dir='ltr'>variusque</span> <span class='ocrx_word' id='word_1_16' title='bbox 911 317 1108 356; x_wconf 89' lang='lat' dir='ltr'>coloribus</span> <span class='ocrx_word' id='word_1_17' title='bbox 1134 317 1250 369; x_wconf 82' lang='lat' dir='ltr'>Apis,</span> 
     </span>
     <span class='ocr_line' id='line_1_4' title="bbox 175 375 1280 428; baseline -0.001 -13"><span class='ocrx_word' id='word_1_18' title='bbox 175 376 328 428; x_wconf 87' lang='lat' dir='ltr'>Quique</span> <span class='ocrx_word' id='word_1_19' title='bbox 361 377 505 428; x_wconf 82' lang='lat' dir='ltr'>premit</span> <span class='ocrx_word' id='word_1_20' title='bbox 535 387 670 414; x_wconf 85' lang='lat' dir='ltr'>vocem</span> <span class='ocrx_word' id='word_1_21' title='bbox 702 375 903 426; x_wconf 82' lang='lat' dir='ltr'>digitoque</span> <span class='ocrx_word' id='word_1_22' title='bbox 936 376 1087 415; x_wconf 85' lang='lat' dir='ltr'>silentia</span> <span class='ocrx_word' id='word_1_23' title='bbox 1119 375 1280 427; x_wconf 80' lang='lat' dir='ltr'>suadet3</span> 
     </span>
     <span class='ocr_line' id='line_1_5' title="bbox 176 433 1396 487; baseline -0.002 -13"><span class='ocrx_word' id='word_1_24' title='bbox 176 435 378 486; x_wconf 87' lang='lat' dir='ltr'>Sistraque</span> <span class='ocrx_word' id='word_1_25' title='bbox 410 440 550 487; x_wconf 84' lang='lat' dir='ltr'>erant,</span> <span class='ocrx_word' id='word_1_26' title='bbox 581 446 872 485; x_wconf 79' lang='lat' dir='ltr'>numquamque</span> <span class='ocrx_word' id='word_1_27' title='bbox 904 436 997 473; x_wconf 87' lang='lat' dir='ltr'>satis</span> <span class='ocrx_word' id='word_1_28' title='bbox 1029 436 1230 486; x_wconf 89' lang='lat' dir='ltr'>quaesitus</span> <span class='ocrx_word' id='word_1_29' title='bbox 1250 433 1396 484; x_wconf 86' lang='lat' dir='ltr'>Osiris,</span> 
     </span>
     <span class='ocr_line' id='line_1_6' title="bbox 174 494 1274 545; baseline -0.001 -12"><span class='ocrx_word' id='word_1_30' title='bbox 174 494 371 545; x_wconf 81' lang='lat' dir='ltr'>Plenaque</span> <span class='ocrx_word' id='word_1_31' title='bbox 403 494 626 533; x_wconf 85' lang='lat' dir='ltr'>somniferis</span> <span class='ocrx_word' id='word_1_32' title='bbox 657 505 821 544; x_wconf 89' lang='lat' dir='ltr'>serpens</span> <span class='ocrx_word' id='word_1_33' title='bbox 852 495 1059 545; x_wconf 87' lang='lat' dir='ltr'>peregrina</span> <span class='ocrx_word' id='word_1_34' title='bbox 1090 495 1274 532; x_wconf 81' lang='lat' dir='ltr'>venenis,</span> 
     </span>
    </p>

    <p class='ocr_par' dir='ltr' id='par_1_3' title="bbox 86 551 1350 721">
     <span class='ocr_line' id='line_1_7' title="bbox 86 551 1350 592; baseline -0.002 0"><span class='ocrx_word' id='word_1_35' title='bbox 86 560 154 592; x_wconf 83' lang='lat'>695</span> <span class='ocrx_word' id='word_1_36' title='bbox 175 553 276 592; x_wconf 91' lang='lat' dir='ltr'>Tum</span> <span class='ocrx_word' id='word_1_37' title='bbox 308 552 413 591; x_wconf 85' lang='lat' dir='ltr'>velut</span> <span class='ocrx_word' id='word_1_38' title='bbox 445 564 647 592; x_wconf 79' lang='lat' dir='ltr'>excussam</span> <span class='ocrx_word' id='word_1_39' title='bbox 679 564 815 590; x_wconf 88' lang='lat' dir='ltr'>somno</span> <span class='ocrx_word' id='word_1_40' title='bbox 849 557 888 591; x_wconf 90' lang='lat' dir='ltr'>et</span> <span class='ocrx_word' id='word_1_41' title='bbox 918 552 1123 591; x_wconf 82' lang='lat' dir='ltr'>manifesta</span> <span class='ocrx_word' id='word_1_42' title='bbox 1154 551 1350 591; x_wconf 84' lang='lat' dir='ltr'>videntem</span> 
     </span>
     <span class='ocr_line' id='line_1_8' title="bbox 176 608 1275 663; baseline -0.001 -13"><span class='ocrx_word' id='word_1_43' title='bbox 176 612 240 650; x_wconf 90' lang='lat' dir='ltr'>Sic</span> <span class='ocrx_word' id='word_1_44' title='bbox 273 612 385 651; x_wconf 81' lang='lat' dir='ltr'>affata</span> <span class='ocrx_word' id='word_1_45' title='bbox 416 611 487 650; x_wconf 89' lang='lat' dir='ltr'>dea</span> <span class='ocrx_word' id='word_1_46' title='bbox 519 617 607 651; x_wconf 89' lang='lat' dir='ltr'>est:</span> <span class='ocrx_word' id='word_1_47' title='bbox 641 608 745 662; x_wconf 76' lang='lat' dir='ltr'>‘pars</span> <span class='ocrx_word' id='word_1_48' title='bbox 778 624 800 649; x_wconf 92' lang='lat' dir='ltr'>o</span> <span class='ocrx_word' id='word_1_49' title='bbox 832 610 1043 650; x_wconf 79' lang='lat' dir='ltr'>Telethusa</span> <span class='ocrx_word' id='word_1_50' title='bbox 1074 623 1275 663; x_wconf 83' lang='lat' dir='ltr'>mearum,</span> 
     </span>
     <span class='ocr_line' id='line_1_9' title="bbox 174 670 1221 721; baseline -0.001 -12"><span class='ocrx_word' id='word_1_51' title='bbox 174 670 282 709; x_wconf 89' lang='lat' dir='ltr'>Pone</span> <span class='ocrx_word' id='word_1_52' title='bbox 314 682 450 721; x_wconf 83' lang='lat' dir='ltr'>graves</span> <span class='ocrx_word' id='word_1_53' title='bbox 483 682 597 709; x_wconf 84' lang='lat' dir='ltr'>curas</span> <span class='ocrx_word' id='word_1_54' title='bbox 616 701 628 721; x_wconf 83' lang='lat'><em>‚</em></span> <span class='ocrx_word' id='word_1_55' title='bbox 659 670 915 721; x_wconf 84' lang='lat' dir='ltr'>mandataque</span> <span class='ocrx_word' id='word_1_56' title='bbox 948 670 1036 709; x_wconf 81' lang='lat' dir='ltr'>falle</span> <span class='ocrx_word' id='word_1_57' title='bbox 1068 671 1221 709; x_wconf 87' lang='lat' dir='ltr'>mariti.</span> 
     </span>
    </p>

    <p class='ocr_par' dir='ltr' id='par_1_4' title="bbox 174 728 1362 839">
     <span class='ocr_line' id='line_1_10' title="bbox 175 728 1182 780; baseline 0 -12"><span class='ocrx_word' id='word_1_58' title='bbox 175 728 257 768; x_wconf 89' lang='lat' dir='ltr'>Nec</span> <span class='ocrx_word' id='word_1_59' title='bbox 289 728 444 768; x_wconf 81' lang='lat' dir='ltr'>dubites</span> <span class='ocrx_word' id='word_1_60' title='bbox 464 761 474 780; x_wconf 86' lang='lat'><em>,</em></span> <span class='ocrx_word' id='word_1_61' title='bbox 506 741 596 768; x_wconf 88' lang='lat' dir='ltr'>cum</span> <span class='ocrx_word' id='word_1_62' title='bbox 627 735 666 767; x_wconf 91' lang='lat' dir='ltr'>te</span> <span class='ocrx_word' id='word_1_63' title='bbox 698 734 812 780; x_wconf 90' lang='lat' dir='ltr'>partu</span> <span class='ocrx_word' id='word_1_64' title='bbox 843 728 991 768; x_wconf 89' lang='lat' dir='ltr'>Lucina</span> <span class='ocrx_word' id='word_1_65' title='bbox 1022 728 1182 780; x_wconf 82' lang='lat' dir='ltr'>levarit,</span> 
     </span>
     <span class='ocr_line' id='line_1_11' title="bbox 174 787 1362 839; baseline 0 -13"><span class='ocrx_word' id='word_1_66' title='bbox 174 787 329 827; x_wconf 86' lang='lat' dir='ltr'>Tollere</span> <span class='ocrx_word' id='word_1_67' title='bbox 361 788 546 839; x_wconf 89' lang='lat' dir='ltr'>quicquid</span> <span class='ocrx_word' id='word_1_68' title='bbox 580 788 681 826; x_wconf 85' lang='lat' dir='ltr'>erit.</span> <span class='ocrx_word' id='word_1_69' title='bbox 720 787 791 826; x_wconf 88' lang='lat' dir='ltr'>dea</span> <span class='ocrx_word' id='word_1_70' title='bbox 822 800 909 826; x_wconf 92' lang='lat' dir='ltr'>sum</span> <span class='ocrx_word' id='word_1_71' title='bbox 941 787 1139 827; x_wconf 88' lang='lat' dir='ltr'>auxiliaris</span> <span class='ocrx_word' id='word_1_72' title='bbox 1171 798 1362 838; x_wconf 86' lang='lat' dir='ltr'>opemque</span> 
     </span>
    </p>

    <p class='ocr_par' dir='ltr' id='par_1_5' title="bbox 91 846 1397 1134">
     <span class='ocr_line' id='line_1_12' title="bbox 91 846 1088 897; baseline -0.001 -11"><span class='ocrx_word' id='word_1_73' title='bbox 91 854 158 886; x_wconf 81' lang='grc'>700</span> <span class='ocrx_word' id='word_1_74' title='bbox 178 846 347 885; x_wconf 84' lang='lat' dir='ltr'>Exorata</span> <span class='ocrx_word' id='word_1_75' title='bbox 378 847 492 886; x_wconf 89' lang='lat' dir='ltr'>fero.</span> <span class='ocrx_word' id='word_1_76' title='bbox 532 858 604 885; x_wconf 91' lang='lat' dir='ltr'>nec</span> <span class='ocrx_word' id='word_1_77' title='bbox 636 852 674 885; x_wconf 91' lang='lat' dir='ltr'>te</span> <span class='ocrx_word' id='word_1_78' title='bbox 707 846 875 885; x_wconf 88' lang='lat' dir='ltr'>coluisse</span> <span class='ocrx_word' id='word_1_79' title='bbox 909 848 1088 897; x_wconf 87' lang='lat' dir='ltr'>quereris</span> 
     </span>
     <span class='ocr_line' id='line_1_13' title="bbox 176 901 1305 957; baseline -0.001 -13"><span class='ocrx_word' id='word_1_80' title='bbox 176 906 377 956; x_wconf 78' lang='lat' dir='ltr'>Ingratum</span> <span class='ocrx_word' id='word_1_81' title='bbox 407 917 554 944; x_wconf 88' lang='lat' dir='ltr'>numen</span> <span class='ocrx_word' id='word_1_82' title='bbox 569 901 593 944; x_wconf 87' lang='lat'>.&#39;</span> <span class='ocrx_word' id='word_1_83' title='bbox 626 906 806 957; x_wconf 88' lang='lat' dir='ltr'>monuit,</span> <span class='ocrx_word' id='word_1_84' title='bbox 838 905 1096 956; x_wconf 84' lang='lat' dir='ltr'>thalamoque·</span> <span class='ocrx_word' id='word_1_85' title='bbox 1117 906 1305 944; x_wconf 88' lang='lat' dir='ltr'>recessit.</span> 
     </span>
     <span class='ocr_line' id='line_1_14' title="bbox 176 963 1266 1016; baseline 0 -14"><span class='ocrx_word' id='word_1_86' title='bbox 176 963 295 1004; x_wconf 87' lang='lat' dir='ltr'>Laeta</span> <span class='ocrx_word' id='word_1_87' title='bbox 327 970 412 1003; x_wconf 87' lang='lat' dir='ltr'>toro</span> <span class='ocrx_word' id='word_1_88' title='bbox 445 966 600 1016; x_wconf 87' lang='lat' dir='ltr'>surgit,</span> <span class='ocrx_word' id='word_1_89' title='bbox 632 976 829 1015; x_wconf 88' lang='lat' dir='ltr'>purasque</span> <span class='ocrx_word' id='word_1_90' title='bbox 862 964 909 1002; x_wconf 92' lang='lat' dir='ltr'>ad</span> <span class='ocrx_word' id='word_1_91' title='bbox 941 964 1069 1003; x_wconf 89' lang='lat' dir='ltr'>sidera</span> <span class='ocrx_word' id='word_1_92' title='bbox 1101 963 1266 1015; x_wconf 83' lang='lat' dir='ltr'>supplex</span> 
     </span>
     <span class='ocr_line' id='line_1_15' title="bbox 177 1022 1397 1075; baseline -0.002 -13"><span class='ocrx_word' id='word_1_93' title='bbox 177 1022 316 1062; x_wconf 88' lang='lat' dir='ltr'>Cressa</span> <span class='ocrx_word' id='word_1_94' title='bbox 348 1034 486 1062; x_wconf 90' lang='lat' dir='ltr'>manus</span> <span class='ocrx_word' id='word_1_95' title='bbox 518 1022 688 1074; x_wconf 83' lang='lat' dir='ltr'>tollens,</span> <span class='ocrx_word' id='word_1_96' title='bbox 719 1028 802 1062; x_wconf 88' lang='lat' dir='ltr'>rata</span> <span class='ocrx_word' id='word_1_97' title='bbox 840 1024 918 1062; x_wconf 88' lang='lat' dir='ltr'>sint</span> <span class='ocrx_word' id='word_1_98' title='bbox 955 1035 1026 1062; x_wconf 89' lang='lat' dir='ltr'>sua</span> <span class='ocrx_word' id='word_1_99' title='bbox 1056 1024 1160 1075; x_wconf 83' lang='lat' dir='ltr'>visa,</span> <span class='ocrx_word' id='word_1_100' title='bbox 1192 1027 1397 1073; x_wconf 85' lang='lat' dir='ltr'>precatur.</span> 
     </span>
     <span class='ocr_line' id='line_1_16' title="bbox 176 1081 1312 1134; baseline -0.001 -14"><span class='ocrx_word' id='word_1_101' title='bbox 176 1081 227 1121; x_wconf 86' lang='lat' dir='ltr'>Ut</span> <span class='ocrx_word' id='word_1_102' title='bbox 258 1081 369 1120; x_wconf 91' lang='lat' dir='ltr'>dolor</span> <span class='ocrx_word' id='word_1_103' title='bbox 399 1083 594 1134; x_wconf 87' lang='lat' dir='ltr'>increvit,</span> <span class='ocrx_word' id='word_1_104' title='bbox 626 1093 747 1132; x_wconf 83' lang='lat' dir='ltr'>seque</span> <span class='ocrx_word' id='word_1_105' title='bbox 778 1083 908 1133; x_wconf 90' lang='lat' dir='ltr'>ipsum</span> <span class='ocrx_word' id='word_1_106' title='bbox 939 1081 1093 1133; x_wconf 90' lang='lat' dir='ltr'>pondus</span> <span class='ocrx_word' id='word_1_107' title='bbox 1124 1082 1165 1120; x_wconf 89' lang='lat' dir='ltr'>in</span> <span class='ocrx_word' id='word_1_108' title='bbox 1198 1092 1312 1120; x_wconf 87' lang='lat' dir='ltr'>auras</span> 
     </span>
    </p>

    <p class='ocr_par' dir='ltr' id='par_1_6' title="bbox 89 1138 1159 1192">
     <span class='ocr_line' id='line_1_17' title="bbox 89 1138 1159 1192; baseline -0.001 -13"><span class='ocrx_word' id='word_1_109' title='bbox 89 1148 156 1180; x_wconf 83' lang='lat'>‘105</span> <span class='ocrx_word' id='word_1_110' title='bbox 177 1138 366 1192; x_wconf 85' lang='lat' dir='ltr'>Expulit,</span> <span class='ocrx_word' id='word_1_111' title='bbox 398 1146 438 1179; x_wconf 92' lang='lat' dir='ltr'>et</span> <span class='ocrx_word' id='word_1_112' title='bbox 469 1146 559 1179; x_wconf 90' lang='lat' dir='ltr'>nata</span> <span class='ocrx_word' id='word_1_113' title='bbox 591 1147 651 1179; x_wconf 88' lang='lat' dir='ltr'>est</span> <span class='ocrx_word' id='word_1_114' title='bbox 682 1141 817 1191; x_wconf 89' lang='lat' dir='ltr'>ignaro</span> <span class='ocrx_word' id='word_1_115' title='bbox 850 1141 993 1179; x_wconf 85' lang='lat' dir='ltr'>femina</span> <span class='ocrx_word' id='word_1_116' title='bbox 1024 1146 1159 1192; x_wconf 87' lang='lat' dir='ltr'>patre,</span> 
     </span>
    </p>

    <p class='ocr_par' dir='ltr' id='par_1_7' title="bbox 177 1199 1189 1251">
     <span class='ocr_line' id='line_1_18' title="bbox 177 1199 1189 1251; baseline -0.001 -13"><span class='ocrx_word' id='word_1_117' title='bbox 177 1199 298 1238; x_wconf 90' lang='lat' dir='ltr'>Iussit</span> <span class='ocrx_word' id='word_1_118' title='bbox 329 1199 378 1238; x_wconf 88' lang='lat' dir='ltr'>ali</span> <span class='ocrx_word' id='word_1_119' title='bbox 409 1211 577 1251; x_wconf 89' lang='lat' dir='ltr'>puerum</span> <span class='ocrx_word' id='word_1_120' title='bbox 608 1205 732 1237; x_wconf 86' lang='lat' dir='ltr'>mater</span> <span class='ocrx_word' id='word_1_121' title='bbox 763 1201 926 1238; x_wconf 87' lang='lat' dir='ltr'>mentita</span> <span class='ocrx_word' id='word_1_122' title='bbox 946 1230 955 1238; x_wconf 87' lang='lat'><strong>.</strong></span> <span class='ocrx_word' id='word_1_123' title='bbox 993 1199 1189 1250; x_wconf 88' lang='lat' dir='ltr'>fidemque</span> 
     </span>
    </p>

    <p class='ocr_par' dir='ltr' id='par_1_8' title="bbox 176 1257 1376 1369">
     <span class='ocr_line' id='line_1_19' title="bbox 176 1257 1376 1310; baseline -0.001 -13"><span class='ocrx_word' id='word_1_124' title='bbox 176 1258 254 1297; x_wconf 88' lang='lat' dir='ltr'>Res</span> <span class='ocrx_word' id='word_1_125' title='bbox 285 1257 450 1310; x_wconf 86' lang='lat' dir='ltr'>habuit,</span> <span class='ocrx_word' id='word_1_126' title='bbox 482 1270 609 1309; x_wconf 90' lang='lat' dir='ltr'>neque</span> <span class='ocrx_word' id='word_1_127' title='bbox 642 1263 726 1297; x_wconf 87' lang='lat' dir='ltr'>erat</span> <span class='ocrx_word' id='word_1_128' title='bbox 755 1258 836 1297; x_wconf 89' lang='lat' dir='ltr'>ficti</span> <span class='ocrx_word' id='word_1_129' title='bbox 867 1259 972 1310; x_wconf 84' lang='lat' dir='ltr'>nisi,</span> <span class='ocrx_word' id='word_1_130' title='bbox 1004 1259 1189 1310; x_wconf 86' lang='lat' dir='ltr'>conscia,</span> <span class='ocrx_word' id='word_1_131' title='bbox 1221 1258 1376 1297; x_wconf 68' lang='lat' dir='ltr'>nutriit.</span> 
     </span>
     <span class='ocr_line' id='line_1_20' title="bbox 176 1316 1225 1369; baseline 0.003 -16"><span class='ocrx_word' id='word_1_132' title='bbox 176 1316 272 1356; x_wconf 90' lang='lat' dir='ltr'>Vota</span> <span class='ocrx_word' id='word_1_133' title='bbox 303 1323 414 1368; x_wconf 88' lang='lat' dir='ltr'>pater</span> <span class='ocrx_word' id='word_1_134' title='bbox 446 1316 588 1369; x_wconf 87' lang='lat' dir='ltr'>solvit,</span> <span class='ocrx_word' id='word_1_135' title='bbox 619 1328 842 1368; x_wconf 89' lang='lat' dir='ltr'>nomenque</span> <span class='ocrx_word' id='word_1_136' title='bbox 872 1318 1026 1368; x_wconf 85' lang='lat' dir='ltr'>inponit</span> <span class='ocrx_word' id='word_1_137' title='bbox 1056 1318 1225 1356; x_wconf 88' lang='lat' dir='ltr'>avitum:</span> 
     </span>
    </p>

    <p class='ocr_par' dir='ltr' id='par_1_9' title="bbox 178 1375 1225 1427">
     <span class='ocr_line' id='line_1_21' title="bbox 178 1375 1225 1427; baseline -0.001 -13"><span class='ocrx_word' id='word_1_138' title='bbox 178 1375 283 1427; x_wconf 88' lang='lat' dir='ltr'>Iphis</span> <span class='ocrx_word' id='word_1_139' title='bbox 315 1387 409 1414; x_wconf 88' lang='lat' dir='ltr'>avus</span> <span class='ocrx_word' id='word_1_140' title='bbox 441 1375 596 1415; x_wconf 84' lang='lat' dir='ltr'>fuerat.</span> <span class='ocrx_word' id='word_1_141' title='bbox 635 1377 764 1426; x_wconf 86' lang='lat' dir='ltr'>gavisa</span> <span class='ocrx_word' id='word_1_142' title='bbox 797 1381 857 1414; x_wconf 88' lang='lat' dir='ltr'>est</span> <span class='ocrx_word' id='word_1_143' title='bbox 888 1377 1044 1414; x_wconf 88' lang='lat' dir='ltr'>nomine</span> <span class='ocrx_word' id='word_1_144' title='bbox 1076 1382 1225 1427; x_wconf 85' lang='lat' dir='ltr'>mater,</span> 
     </span>
    </p>

    <p class='ocr_par' dir='ltr' id='par_1_10' title="bbox 91 1433 1341 1709">
     <span class='ocr_line' id='line_1_22' title="bbox 91 1433 1341 1486; baseline 0 -14"><span class='ocrx_word' id='word_1_145' title='bbox 91 1442 158 1474; x_wconf 79' lang='lat'>710</span> <span class='ocrx_word' id='word_1_146' title='bbox 178 1434 290 1480; x_wconf 90' lang='lat' dir='ltr'>Quod</span> <span class='ocrx_word' id='word_1_147' title='bbox 323 1446 529 1473; x_wconf 89' lang='lat' dir='ltr'>commune</span> <span class='ocrx_word' id='word_1_148' title='bbox 561 1434 691 1486; x_wconf 84' lang='lat' dir='ltr'>foret,</span> <span class='ocrx_word' id='word_1_149' title='bbox 723 1445 771 1472; x_wconf 90' lang='lat' dir='ltr'>ne</span> <span class='ocrx_word' id='word_1_150' title='bbox 805 1446 1041 1485; x_wconf 89' lang='lat' dir='ltr'>quemquam</span> <span class='ocrx_word' id='word_1_151' title='bbox 1072 1433 1224 1472; x_wconf 80' lang='lat' dir='ltr'>falleret</span> <span class='ocrx_word' id='word_1_152' title='bbox 1253 1433 1341 1472; x_wconf 84' lang='lat' dir='ltr'>ille.</span> 
     </span>
     <span class='ocr_line' id='line_1_23' title="bbox 178 1491 1130 1545; baseline -0.001 -13"><span class='ocrx_word' id='word_1_153' title='bbox 178 1493 410 1545; x_wconf 79' lang='lat' dir='ltr'>inpercepta</span> <span class='ocrx_word' id='word_1_154' title='bbox 441 1494 504 1544; x_wconf 91' lang='lat' dir='ltr'>pia</span> <span class='ocrx_word' id='word_1_155' title='bbox 536 1492 737 1531; x_wconf 89' lang='lat' dir='ltr'>mendacia</span> <span class='ocrx_word' id='word_1_156' title='bbox 769 1492 905 1531; x_wconf 88' lang='lat' dir='ltr'>fraude</span> <span class='ocrx_word' id='word_1_157' title='bbox 938 1491 1130 1531; x_wconf 87' lang='lat' dir='ltr'>latebant.</span> 
     </span>
     <span class='ocr_line' id='line_1_24' title="bbox 179 1550 1255 1603; baseline -0.001 -12"><span class='ocrx_word' id='word_1_158' title='bbox 179 1551 317 1591; x_wconf 87' lang='lat' dir='ltr'>Cultus</span> <span class='ocrx_word' id='word_1_159' title='bbox 350 1557 433 1590; x_wconf 86' lang='lat' dir='ltr'>erat</span> <span class='ocrx_word' id='word_1_160' title='bbox 463 1552 607 1603; x_wconf 82' lang='lat' dir='ltr'>pueri3</span> <span class='ocrx_word' id='word_1_161' title='bbox 634 1552 782 1603; x_wconf 85' lang='lat' dir='ltr'>facies,</span> <span class='ocrx_word' id='word_1_162' title='bbox 814 1563 931 1602; x_wconf 89' lang='lat' dir='ltr'>quam</span> <span class='ocrx_word' id='word_1_163' title='bbox 963 1553 1044 1590; x_wconf 90' lang='lat' dir='ltr'>sive</span> <span class='ocrx_word' id='word_1_164' title='bbox 1076 1550 1255 1603; x_wconf 86' lang='lat' dir='ltr'>puellae,</span> 
     </span>
     <span class='ocr_line' id='line_1_25' title="bbox 180 1609 1211 1661; baseline -0.001 -12"><span class='ocrx_word' id='word_1_165' title='bbox 180 1610 268 1649; x_wconf 92' lang='lat' dir='ltr'>Sive</span> <span class='ocrx_word' id='word_1_166' title='bbox 301 1611 413 1649; x_wconf 89' lang='lat' dir='ltr'>dares</span> <span class='ocrx_word' id='word_1_167' title='bbox 444 1622 569 1661; x_wconf 89' lang='lat' dir='ltr'>puero</span> <span class='ocrx_word' id='word_1_168' title='bbox 588 1641 599 1661; x_wconf 85' lang='lat'><em>‚</em></span> <span class='ocrx_word' id='word_1_169' title='bbox 632 1609 760 1648; x_wconf 86' lang='lat' dir='ltr'>suerat</span> <span class='ocrx_word' id='word_1_170' title='bbox 791 1609 987 1649; x_wconf 83' lang='lat' dir='ltr'>formosus</span> <span class='ocrx_word' id='word_1_171' title='bbox 1019 1616 1211 1660; x_wconf 88' lang='lat' dir='ltr'>uterque.</span> 
     </span>
     <span class='ocr_line' id='line_1_26' title="bbox 180 1668 1166 1709; baseline 0.001 -2"><span class='ocrx_word' id='word_1_172' title='bbox 180 1668 339 1709; x_wconf 88' lang='lat' dir='ltr'>Tertius</span> <span class='ocrx_word' id='word_1_173' title='bbox 371 1670 522 1708; x_wconf 88' lang='lat' dir='ltr'>interea</span> <span class='ocrx_word' id='word_1_174' title='bbox 555 1668 706 1707; x_wconf 90' lang='lat' dir='ltr'>decimo</span> <span class='ocrx_word' id='word_1_175' title='bbox 740 1674 986 1707; x_wconf 82' lang='lat' dir='ltr'>successerat</span> <span class='ocrx_word' id='word_1_176' title='bbox 1017 1680 1166 1708; x_wconf 88' lang='lat' dir='ltr'>annus:</span> 
     </span>
    </p>

    <p class='ocr_par' dir='ltr' id='par_1_11' title="bbox 91 1726 1334 1897">
     <span class='ocr_line' id='line_1_27' title="bbox 91 1726 1334 1780; baseline -0.002 -13"><span class='ocrx_word' id='word_1_177' title='bbox 91 1736 158 1767; x_wconf 74' lang='lat'>715</span> <span class='ocrx_word' id='word_1_178' title='bbox 179 1727 278 1767; x_wconf 91' lang='lat' dir='ltr'>Cum</span> <span class='ocrx_word' id='word_1_179' title='bbox 308 1733 420 1780; x_wconf 89' lang='lat' dir='ltr'>pater</span> <span class='ocrx_word' id='word_1_180' title='bbox 438 1759 449 1779; x_wconf 90' lang='lat'><em>‚</em></span> <span class='ocrx_word' id='word_1_181' title='bbox 481 1727 595 1778; x_wconf 90' lang='lat' dir='ltr'>Iphi,</span> <span class='ocrx_word' id='word_1_182' title='bbox 629 1726 698 1765; x_wconf 92' lang='lat' dir='ltr'>tibi</span> <span class='ocrx_word' id='word_1_183' title='bbox 729 1726 864 1766; x_wconf 79' lang='lat' dir='ltr'>flavam</span> <span class='ocrx_word' id='word_1_184' title='bbox 897 1727 1115 1778; x_wconf 88' lang='lat' dir='ltr'>despondet</span> <span class='ocrx_word' id='word_1_185' title='bbox 1144 1726 1334 1778; x_wconf 87' lang='lat' dir='ltr'>Ianthen,</span> 
     </span>
     <span class='ocr_line' id='line_1_28' title="bbox 178 1784 1176 1836; baseline -0.001 -11"><span class='ocrx_word' id='word_1_186' title='bbox 178 1786 286 1825; x_wconf 90' lang='lat' dir='ltr'>Inter</span> <span class='ocrx_word' id='word_1_187' title='bbox 317 1786 568 1825; x_wconf 87' lang='lat' dir='ltr'>Phaestiadas</span> <span class='ocrx_word' id='word_1_188' title='bbox 601 1797 699 1836; x_wconf 90' lang='lat' dir='ltr'>quae</span> <span class='ocrx_word' id='word_1_189' title='bbox 732 1784 997 1824; x_wconf 87' lang='lat' dir='ltr'>laudatissima</span> <span class='ocrx_word' id='word_1_190' title='bbox 1029 1786 1176 1824; x_wconf 81' lang='lat' dir='ltr'>formae</span> 
     </span>
     <span class='ocr_line' id='line_1_29' title="bbox 178 1844 1070 1897; baseline 0 -13"><span class='ocrx_word' id='word_1_191' title='bbox 178 1845 276 1884; x_wconf 89' lang='lat' dir='ltr'>Dote</span> <span class='ocrx_word' id='word_1_192' title='bbox 308 1845 383 1884; x_wconf 88' lang='lat' dir='ltr'>fuit</span> <span class='ocrx_word' id='word_1_193' title='bbox 412 1847 520 1896; x_wconf 85' lang='lat' dir='ltr'>virgo</span> <span class='ocrx_word' id='word_1_194' title='bbox 540 1877 551 1897; x_wconf 85' lang='lat'>,</span> <span class='ocrx_word' id='word_1_195' title='bbox 583 1844 740 1883; x_wconf 84' lang='lat' dir='ltr'>Dictaeo</span> <span class='ocrx_word' id='word_1_196' title='bbox 773 1849 861 1883; x_wconf 87' lang='lat' dir='ltr'>nata</span> <span class='ocrx_word' id='word_1_197' title='bbox 892 1844 1070 1884; x_wconf 87' lang='lat' dir='ltr'>Teleste.</span> 
     </span>
    </p>

    <p class='ocr_par' dir='ltr' id='par_1_12' title="bbox 178 1903 1295 2014">
     <span class='ocr_line' id='line_1_30' title="bbox 178 1903 1295 1956; baseline -0.001 -14"><span class='ocrx_word' id='word_1_198' title='bbox 178 1903 254 1942; x_wconf 89' lang='lat' dir='ltr'>Par</span> <span class='ocrx_word' id='word_1_199' title='bbox 285 1910 419 1956; x_wconf 87' lang='lat' dir='ltr'>aetas,</span> <span class='ocrx_word' id='word_1_200' title='bbox 450 1915 521 1954; x_wconf 87' lang='lat' dir='ltr'>par</span> <span class='ocrx_word' id='word_1_201' title='bbox 553 1903 676 1941; x_wconf 86' lang='lat' dir='ltr'>forma</span> <span class='ocrx_word' id='word_1_202' title='bbox 708 1903 782 1941; x_wconf 85' lang='lat' dir='ltr'>suit</span> <span class='ocrx_word' id='word_1_203' title='bbox 800 1934 811 1955; x_wconf 88' lang='lat'><em>‚</em></span> <span class='ocrx_word' id='word_1_204' title='bbox 842 1905 1066 1954; x_wconf 87' lang='lat' dir='ltr'>primasque</span> <span class='ocrx_word' id='word_1_205' title='bbox 1098 1903 1295 1954; x_wconf 85' lang='lat' dir='ltr'>magistris</span> 
     </span>
     <span class='ocr_line' id='line_1_31' title="bbox 178 1961 1224 2014; baseline -0.002 -12"><span class='ocrx_word' id='word_1_206' title='bbox 178 1965 376 2014; x_wconf 87' lang='lat' dir='ltr'>Accepere</span> <span class='ocrx_word' id='word_1_207' title='bbox 409 1969 543 2014; x_wconf 88' lang='lat' dir='ltr'>artes,</span> <span class='ocrx_word' id='word_1_208' title='bbox 576 1961 767 2000; x_wconf 85' lang='lat' dir='ltr'>elementa</span> <span class='ocrx_word' id='word_1_209' title='bbox 800 1963 966 2014; x_wconf 88' lang='lat' dir='ltr'>aetatis,</span> <span class='ocrx_word' id='word_1_210' title='bbox 998 1961 1044 2000; x_wconf 90' lang='lat' dir='ltr'>ab</span> <span class='ocrx_word' id='word_1_211' title='bbox 1077 1961 1224 2000; x_wconf 90' lang='lat' dir='ltr'>isdem.</span> 
     </span>
    </p>

    <p class='ocr_par' dir='ltr' id='par_1_13' title="bbox 91 2020 1403 2308">
     <span class='ocr_line' id='line_1_32' title="bbox 91 2020 1402 2072; baseline -0.002 -12"><span class='ocrx_word' id='word_1_212' title='bbox 91 2028 159 2061; x_wconf 77' lang='lat'>‘120</span> <span class='ocrx_word' id='word_1_213' title='bbox 177 2020 278 2060; x_wconf 90' lang='lat' dir='ltr'>Hinc</span> <span class='ocrx_word' id='word_1_214' title='bbox 309 2033 418 2060; x_wconf 90' lang='lat' dir='ltr'>amor</span> <span class='ocrx_word' id='word_1_215' title='bbox 450 2020 651 2059; x_wconf 86' lang='lat' dir='ltr'>ambarum</span> <span class='ocrx_word' id='word_1_216' title='bbox 682 2021 810 2071; x_wconf 88' lang='lat' dir='ltr'>tetigit</span> <span class='ocrx_word' id='word_1_217' title='bbox 840 2020 938 2059; x_wconf 88' lang='lat' dir='ltr'>rude</span> <span class='ocrx_word' id='word_1_218' title='bbox 964 2026 1103 2071; x_wconf 88' lang='lat' dir='ltr'>pectus</span> <span class='ocrx_word' id='word_1_219' title='bbox 1121 2051 1133 2072; x_wconf 88' lang='lat'>,</span> <span class='ocrx_word' id='word_1_220' title='bbox 1165 2026 1204 2058; x_wconf 90' lang='lat' dir='ltr'>et</span> <span class='ocrx_word' id='word_1_221' title='bbox 1234 2031 1402 2071; x_wconf 90' lang='lat' dir='ltr'>aequum</span> 
     </span>
     <span class='ocr_line' id='line_1_33' title="bbox 177 2078 1267 2130; baseline 0.002 -14"><span class='ocrx_word' id='word_1_222' title='bbox 177 2078 327 2119; x_wconf 90' lang='lat' dir='ltr'>Vulnus</span> <span class='ocrx_word' id='word_1_223' title='bbox 359 2080 518 2130; x_wconf 87' lang='lat' dir='ltr'>utrique</span> <span class='ocrx_word' id='word_1_224' title='bbox 550 2078 684 2118; x_wconf 87' lang='lat' dir='ltr'>dedit.</span> <span class='ocrx_word' id='word_1_225' title='bbox 724 2078 792 2117; x_wconf 90' lang='lat' dir='ltr'>sed</span> <span class='ocrx_word' id='word_1_226' title='bbox 825 2085 909 2117; x_wconf 87' lang='lat' dir='ltr'>erat</span> <span class='ocrx_word' id='word_1_227' title='bbox 939 2078 1080 2118; x_wconf 87' lang='lat' dir='ltr'>fiducia</span> <span class='ocrx_word' id='word_1_228' title='bbox 1112 2078 1267 2129; x_wconf 86' lang='lat' dir='ltr'>dispar:</span> 
     </span>
     <span class='ocr_line' id='line_1_34' title="bbox 180 2137 1291 2190; baseline -0.002 -13"><span class='ocrx_word' id='word_1_229' title='bbox 180 2138 413 2189; x_wconf 85' lang='lat' dir='ltr'>Coniugium</span> <span class='ocrx_word' id='word_1_230' title='bbox 444 2143 659 2190; x_wconf 87' lang='lat' dir='ltr'>pactaeque</span> <span class='ocrx_word' id='word_1_231' title='bbox 692 2142 892 2188; x_wconf 85' lang='lat' dir='ltr'>exspectat</span> <span class='ocrx_word' id='word_1_232' title='bbox 924 2143 1100 2189; x_wconf 88' lang='lat' dir='ltr'>tempora</span> <span class='ocrx_word' id='word_1_233' title='bbox 1132 2137 1291 2189; x_wconf 86' lang='lat' dir='ltr'>taedae,</span> 
     </span>
     <span class='ocr_line' id='line_1_35' title="bbox 179 2194 1403 2248; baseline -0.002 -12"><span class='ocrx_word' id='word_1_234' title='bbox 179 2197 382 2248; x_wconf 85' lang='lat' dir='ltr'>Quamque</span> <span class='ocrx_word' id='word_1_235' title='bbox 414 2198 541 2236; x_wconf 90' lang='lat' dir='ltr'>virum</span> <span class='ocrx_word' id='word_1_236' title='bbox 571 2202 684 2248; x_wconf 84' lang='lat' dir='ltr'>putat</span> <span class='ocrx_word' id='word_1_237' title='bbox 709 2208 795 2234; x_wconf 88' lang='lat' dir='ltr'>esse</span> <span class='ocrx_word' id='word_1_238' title='bbox 813 2227 825 2248; x_wconf 88' lang='lat'><strong><em>,</em></strong></span> <span class='ocrx_word' id='word_1_239' title='bbox 857 2207 972 2235; x_wconf 90' lang='lat' dir='ltr'>suum</span> <span class='ocrx_word' id='word_1_240' title='bbox 997 2196 1082 2234; x_wconf 87' lang='lat' dir='ltr'>fore</span> <span class='ocrx_word' id='word_1_241' title='bbox 1103 2195 1228 2234; x_wconf 84' lang='lat' dir='ltr'>cred-it</span> <span class='ocrx_word' id='word_1_242' title='bbox 1246 2194 1403 2248; x_wconf 83' lang='lat' dir='ltr'>Ianthe3</span> 
     </span>
     <span class='ocr_line' id='line_1_36' title="bbox 179 2254 1274 2308; baseline -0.001 -14"><span class='ocrx_word' id='word_1_243' title='bbox 179 2255 286 2306; x_wconf 90' lang='lat' dir='ltr'>lphis</span> <span class='ocrx_word' id='word_1_244' title='bbox 318 2261 448 2308; x_wconf 87' lang='lat' dir='ltr'>amat,</span> <span class='ocrx_word' id='word_1_245' title='bbox 480 2267 556 2306; x_wconf 88' lang='lat' dir='ltr'>qua</span> <span class='ocrx_word' id='word_1_246' title='bbox 587 2266 702 2306; x_wconf 89' lang='lat' dir='ltr'>posse</span> <span class='ocrx_word' id='word_1_247' title='bbox 734 2254 813 2293; x_wconf 86' lang='lat' dir='ltr'>frui</span> <span class='ocrx_word' id='word_1_248' title='bbox 845 2254 1056 2307; x_wconf 86' lang='lat' dir='ltr'>desperat,</span> <span class='ocrx_word' id='word_1_249' title='bbox 1088 2259 1128 2294; x_wconf 89' lang='lat' dir='ltr'>et</span> <span class='ocrx_word' id='word_1_250' title='bbox 1158 2260 1274 2305; x_wconf 88' lang='lat' dir='ltr'>auget</span> 
     </span>
    </p>

    <p class='ocr_par' dir='ltr' id='par_1_14' title="bbox 93 2312 1400 2424">
     <span class='ocr_line' id='line_1_37' title="bbox 93 2312 1296 2366; baseline -0.002 -13"><span class='ocrx_word' id='word_1_251' title='bbox 93 2320 160 2353; x_wconf 77' lang='lat'>&#39;125</span> <span class='ocrx_word' id='word_1_252' title='bbox 180 2313 263 2353; x_wconf 90' lang='lat' dir='ltr'>Hoc</span> <span class='ocrx_word' id='word_1_253' title='bbox 294 2315 424 2366; x_wconf 88' lang='lat' dir='ltr'>ipsum</span> <span class='ocrx_word' id='word_1_254' title='bbox 454 2314 657 2365; x_wconf 86' lang='lat' dir='ltr'>flammas,</span> <span class='ocrx_word' id='word_1_255' title='bbox 689 2312 878 2363; x_wconf 88' lang='lat' dir='ltr'>ardetque</span> <span class='ocrx_word' id='word_1_256' title='bbox 910 2315 950 2352; x_wconf 91' lang='lat' dir='ltr'>in</span> <span class='ocrx_word' id='word_1_257' title='bbox 982 2314 1130 2364; x_wconf 82' lang='lat' dir='ltr'>virgine</span> <span class='ocrx_word' id='word_1_258' title='bbox 1163 2314 1296 2364; x_wconf 80' lang='lat' dir='ltr'>virg03</span> 
     </span>
     <span class='ocr_line' id='line_1_38' title="bbox 179 2368 1400 2424; baseline 0.001 -15"><span class='ocrx_word' id='word_1_259' title='bbox 179 2371 328 2424; x_wconf 85' lang='lat' dir='ltr'>Vixque</span> <span class='ocrx_word' id='word_1_260' title='bbox 353 2378 493 2412; x_wconf 87' lang='lat' dir='ltr'>tenens</span> <span class='ocrx_word' id='word_1_261' title='bbox 519 2372 699 2412; x_wconf 89' lang='lat' dir='ltr'>lacrimas</span> <span class='ocrx_word' id='word_1_262' title='bbox 726 2368 829 2423; x_wconf 77' lang='lat' dir='ltr'>‘quis</span> <span class='ocrx_word' id='word_1_263' title='bbox 849 2383 912 2411; x_wconf 88' lang='lat' dir='ltr'>me</span> <span class='ocrx_word' id='word_1_264' title='bbox 931 2377 1063 2411; x_wconf 81' lang='lat' dir='ltr'>manet</span> <span class='ocrx_word' id='word_1_265' title='bbox 1082 2373 1210 2411; x_wconf 88' lang='lat' dir='ltr'>exitus</span> <span class='ocrx_word' id='word_1_266' title='bbox 1222 2368 1248 2424; x_wconf 78' lang='lat'>‚⁹</span> <span class='ocrx_word' id='word_1_267' title='bbox 1274 2371 1400 2422; x_wconf 83' lang='lat' dir='ltr'>inquit</span> 
     </span>
    </p>

    <p class='ocr_par' dir='ltr' id='par_1_15' title="bbox 131 2441 1116 2472">
     <span class='ocr_line' id='line_1_39' title="bbox 131 2441 1116 2472; baseline 0 0"><span class='ocrx_word' id='word_1_268' title='bbox 131 2444 246 2472; x_wconf 78' lang='lat' dir='ltr'>evm.</span> <span class='ocrx_word' id='word_1_269' title='bbox 266 2445 316 2471; x_wconf 83' lang='lat' dir='ltr'>n.</span> <span class='ocrx_word' id='word_1_270' title='bbox 1074 2441 1116 2472; x_wconf 83' lang='lat'>13</span> 
     </span>
    </p>
   </div>
  </div>
 </body>
</html>
