1554 2563
525 120 610 156 XIV
625 148 633 166 ,
660 124 843 156 570—641
860 147 867 156 .
1008 133 1142 155 Posroxa
1280 118 1363 159 299

148 229 263 268 Unxit
281 261 292 282 ,
324 235 362 268 et
394 229 585 269 ambrosia
618 242 707 269 cum
739 229 843 269 dulci
873 236 1031 269 nectare
1065 231 1184 269 mixta

147 287 317 339 Contigit
348 300 421 339 os,
453 289 622 340 fecitque
654 288 800 328 deum.
839 300 956 339 quem
989 287 1103 327 turba
1136 288 1289 334 Quirini

145 345 353 398 Nuncupat
385 346 629 399 Indigetem,
661 346 884 398 temploque
917 349 1073 398 arisque
1104 348 1276 398 recepit.

205 404 298 443 Inde
331 405 403 444 sub
435 406 590 444 Ascanii
622 405 775 444 dicione
808 405 1016 444 binominis
1049 404 1143 444 Alba

55 471 125 503 610
145 463 300 514 Resque
333 462 469 502 Latina
501 464 574 503 fuit
593 496 601 503 .
641 464 816 503 succedit
849 464 990 503 Silvius
1021 464 1101 503 illi:

145 521 230 568 Quo
264 529 371 560 satus
404 524 564 573 antiquo
596 524 723 561 tenuit
754 524 920 574 repetita
951 521 1113 561 Latinus

143 580 308 619 Nomina
341 593 430 619 cum
462 586 647 632 sceptro.
687 581 815 620 clarus
848 581 953 620 subit
985 593 1075 620 ecce
1109 580 1289 620 Latinum

145 638 294 690 Epytus
326 651 373 678 ex
404 639 470 677 illo
491 670 499 678 .
538 645 627 690 post
658 639 763 678 hunc
798 639 1046 691 Capetusque
1080 639 1305 691 Capysque‚

145 697 221 736 Sed
255 697 378 749 Capys
410 703 498 736 ante
530 698 604 737 fuit
623 730 631 738 .
670 710 835 749 regnum
866 697 1075 737 Tiberinus
1109 698 1154 736 ab
1187 698 1262 736 illis

56 764 124 796 615
146 756 287 809 Cepit,
319 762 358 795 et
389 757 429 795 in
461 756 580 795 Tusci
612 756 815 796 demersus
846 757 1018 795 fluminis
1051 757 1175 795 undis-

143 814 306 853 Nomina
338 815 431 853 fecit
461 827 582 866 aquae
604 847 612 854 .
651 815 698 854 de
731 828 807 866 quo
840 815 1106 866 Remulusque
1141 816 1324 866 feroxque

143 874 284 912 Acrota
316 879 408 912 sunt
439 875 587 924 geniti.
626 874 814 913 Remulus
845 876 1035 913 maturior
1067 875 1178 912 annis

142 931 346 970 Fulmineo
379 934 524 984 periit,
555 933 727 971 imitator
759 932 931 971 fulminis
950 964 961 984 ,
993 934 1094 971 ictu.

142 990 279 1029 Fratre
311 1003 382 1029 suo
416 996 616 1042 sceptrum
647 991 885 1030 moderatior
916 991 1057 1030 Acrota
1090 992 1181 1029 sorti

53 1057 122 1088 620
143 1048 278 1088 Tradit
308 1049 530 1088 Aventino.
571 1051 636 1100 qui
656 1081 666 1101 ,
699 1062 775 1100 quo
807 1055 1018 1101 regnarat,
1052 1050 1190 1088 eodem

143 1107 274 1146 Monte
306 1109 407 1146 iacet
438 1109 619 1160 positus,
652 1108 869 1159 tribuitque
901 1107 1087 1147 vocabula
1120 1109 1266 1146 monti.

142 1166 300 1217 lamque
331 1166 527 1205 Palatinae
559 1178 751 1205 summam
781 1166 906 1205 Proca
936 1168 1064 1217 gentis
1095 1165 1288 1205 habebat.

143 1224 248 1276 Rege
280 1224 354 1263 sub
386 1225 460 1264 hoc
491 1224 663 1263 Pomona
695 1226 768 1264 suit
786 1256 798 1276 ,
830 1237 905 1275 qua
938 1224 1042 1263 nulla
1074 1224 1230 1263 Latinas

142 1283 250 1322 Inter
280 1283 557 1334 hamadryadas
590 1283 711 1322 coluit
741 1283 939 1322 sollertius
971 1283 1130 1334 hortos,

55 1349 122 1381 625
143 1341 224 1380 Nec
255 1342 329 1380 suit
361 1341 515 1381 arborei
548 1342 760 1380 studiosior
792 1341 910 1380 altera
943 1343 1072 1381 fetus:

142 1399 253 1439 Unde
286 1406 394 1439 tenet
425 1412 567 1439 nomen
588 1431 596 1439 .
636 1412 714 1438 non
746 1400 860 1439 silvas
890 1400 955 1438 illa
986 1412 1059 1438 nec
1092 1412 1248 1453 amnes,

143 1458 225 1497 Rus
257 1465 359 1497 amat
389 1465 429 1498 et
459 1470 588 1497 ramos
620 1458 746 1497 felicia
776 1470 892 1510 poma
923 1459 1118 1497 ferentes.

143 1516 223 1556 Nec
255 1517 380 1555 iaculo
413 1518 539 1567 gravis
572 1523 660 1569 est,
693 1516 761 1555 sed
794 1517 943 1555 adunca
975 1517 1137 1555 dextera
1169 1515 1289 1569 falce,

55 1583 121 1614 629
144 1575 228 1621 Qua
259 1575 374 1614 modo
406 1575 602 1614 luxuriem
633 1576 776 1626 premit
807 1581 847 1613 et
878 1577 1084 1626 spatiantia
1117 1580 1254 1612 contra

69 1655 123 1661 —
143 1634 330 1673 Bracchia
363 1635 605 1685 compescit,
637 1634 729 1672 fisso
762 1633 875 1672 modo
910 1635 1055 1672 cortice
1082 1633 1230 1684 lignum

144 1692 314 1745 Inserit,
347 1699 386 1731 et
418 1704 533 1731 sucos
566 1691 691 1730 alieno
722 1697 896 1743 praestat
927 1692 1105 1730 alumno.

143 1750 224 1789 Nec
256 1752 403 1789 sentire
436 1752 541 1789 sitim
571 1752 719 1801 patitur
737 1782 748 1802 ‚
778 1749 1013 1801 bibulaeque
1044 1756 1225 1789 retunsas

143 1809 300 1848 Radicis
331 1809 449 1848 fibras
482 1808 703 1847 labentibus
735 1810 872 1859 irrigat
903 1809 1042 1848 undis.

143 1867 215 1906 Hic
247 1879 355 1906 amor
374 1900 385 1920 ‚
416 1868 490 1906 hoc
522 1867 695 1906 studium
715 1898 723 1906 .
762 1866 923 1906 Veneris
956 1879 1111 1918 quoque
1144 1867 1249 1905 nulla

1110 1926 1251 1976 cupido
1284 1935 1357 1964 est,

57 1992 123 2024 635
144 1984 228 2023 Vim
260 1991 390 2024 tamen
422 1991 621 2036 agrestum
651 1990 830 2023 metuens
861 1985 1035 2035 pomaria
1067 1983 1212 2022 claudit

145 2043 254 2081 Intus
272 2074 284 2096 ‚
316 2050 356 2082 et
387 2055 569 2082 accessus
600 2042 783 2094 prohibet
814 2043 1036 2093 refugitque
1069 2042 1224 2081 viriles.

145 2101 246 2147 Quid
278 2113 358 2140 non
390 2108 430 2140 et
461 2101 618 2153 Satyri,
650 2100 852 2139 saltatibus
884 2106 973 2151 apta
1002 2102 1210 2153 iuventus,

145 2160 290 2199 Fecere
323 2166 363 2199 et
393 2162 488 2211 pinu
520 2160 736 2211 praecincti
768 2171 915 2198 cornua
945 2158 1096 2210 Panes,

146 2218 403 2269 Silvanusque
422 2250 434 2270 ‚
465 2219 547 2256 suis
579 2230 735 2269 semper
766 2217 974 2256 iuvenilior
1005 2220 1140 2269 annis,

57 2284 125 2316 640
146 2276 300 2328 Quique
327 2276 424 2316 deus
455 2277 564 2315 sures
595 2276 656 2314 vel
687 2276 784 2315 falce
803 2307 814 2329 ,
846 2275 907 2314 vel
937 2277 1097 2326 inguine
1130 2281 1276 2328 terret,

143 2334 194 2374 Ut
223 2331 456 2387 poterentur
489 2346 534 2373 ea
552 2331 574 2373 ⁸?
605 2334 674 2374 sed
706 2336 811 2373 enim
842 2334 1052 2386 superabat
1083 2334 1245 2373 amando
