1554 2563
98 110 154 152 20
297 124 420 146 sxmux
433 138 441 146 .
469 123 505 145 10
643 109 860 145 METAMM
871 136 880 145 .

215 219 391 259 Corneus
421 219 514 258 huic
546 231 691 272 arcus,
723 221 756 259 si
788 232 866 259 non
899 220 1001 258 soret
1033 231 1174 259 aureus
1206 219 1284 258 illi.

215 278 280 317 Sic
312 290 469 329 quoque
501 277 687 317 fallebat.
725 278 957 318 redeuntem
989 277 1086 317 colle
1118 277 1266 329 Lycaeo

212 336 293 375 Pan
324 336 430 375 videt
459 336 560 375 hanc
578 368 590 389 ‚
619 338 793 388 pinuque
827 341 945 388 caput
974 337 1223 387 praecinctus
1255 341 1367 375 acuta

128 402 196 434 700
213 395 318 434 Talia
349 394 467 434 verba
497 392 634 433 refert'
668 417 722 422 —
754 394 927 434 restabat
957 395 1071 434 verba
1106 395 1279 446 referre,

212 453 262 492 Et
292 452 477 504 precibus
508 455 651 504 spretis
683 454 829 504 fugisse
861 465 932 504 per
963 455 1045 492 avia
1077 453 1310 504 nympham,

214 511 346 551 Donec
377 511 560 550 harenosi
590 512 786 563 placidum
816 511 985 550 Ladonis
1016 511 1063 550 ad
1095 523 1248 550 amnem

213 569 401 609 Venerit.
433 570 497 609 hic
523 569 626 609 illam
658 582 819 609 cursum
850 569 1154 622 impedientibus
1186 569 1326 622 undis,

212 628 264 668 Ut
295 641 336 667 se
368 634 596 681 mutarent,
625 628 792 680 liquidas
824 641 956 667 orasse
989 640 1170 667 sorores:

128 695 195 726 705
218 687 402 738 Panaque
434 700 523 726 cum
554 699 738 738 prensam
769 686 844 726 sibi
874 689 950 726 iam
983 686 1147 738 Syringa
1177 691 1358 738 putaret,

214 746 386 796 Corpore
406 758 479 797 pro
499 745 689 797 nymphae
710 745 877 784 calamos
897 746 1071 784 tenuisse
1096 744 1315 796 palustres.
1344 753 1374 779 f
1394 761 1430 777 x-

215 804 394 855 Dumque
425 804 481 843 ibi
512 805 714 856 suspirat,
745 810 872 842 motos
904 805 944 842 in
975 803 1194 842 harundine
1227 808 1364 842 ventos

214 862 403 901 Effecisse
435 874 575 901 sonum
606 869 767 902 tenuem
799 862 1044 913 similemque
1077 863 1282 914 querenti;

218 920 329 970 [Arte
361 933 458 959 nova
489 922 674 972 vocisque
706 921 823 960 deum
855 921 1061 959 dulcedine
1094 918 1268 971 captum]

123 988 190 1019 710
211 977 325 1018 “Hoc
357 980 452 1018 mihi
484 979 691 1018 concilium
724 976 870 1018 tecum'
903 979 1047 1018 dixisse
1081 975 1324 1017 ‘manebitl'’

217 1038 343 1088 Atque
375 1039 428 1077 ita
459 1037 681 1089 disparibus
714 1038 871 1076 calamis
903 1038 1130 1089 compagine
1164 1049 1276 1075 cerae

216 1096 325 1135 Inter
360 1108 401 1135 se
432 1098 578 1135 iunctis
610 1108 751 1135 nomen
785 1097 960 1135 tenuisse
992 1095 1164 1147 puellae.

214 1154 320 1193 Talia
353 1154 531 1194 dicturus
562 1155 655 1194 vidit
690 1154 886 1206 Cyllenius
919 1166 1054 1193 omnes

215 1212 480 1252 Succubuisse
513 1213 646 1252 oculos
679 1213 942 1264 adopertaque
973 1213 1119 1251 lumina
1151 1225 1311 1251 somno.

129 1279 193 1310 715
216 1271 434 1322 Supprimit
464 1271 658 1323 extemplo
690 1284 824 1310 vocem
845 1303 855 1322 ,
887 1272 1093 1322 firmatque
1125 1283 1309 1323 soporem

215 1329 414 1380 Languida
444 1330 694 1381 permulcens
725 1330 916 1369 medicata
947 1330 1093 1368 lumina
1124 1332 1254 1381 virga:

217 1387 297 1427 Nec
330 1400 437 1426 mora
456 1420 468 1440 ‚
500 1388 637 1427 falcato
670 1394 871 1427 nutantem
904 1388 1083 1427 vulnerat
1114 1400 1207 1427 ense

217 1446 300 1491 Qua
333 1446 431 1485 collo
463 1454 524 1485 est
555 1447 707 1485 confine
739 1452 856 1497 caput
874 1478 885 1498 ,
918 1458 1088 1497 saxoque
1122 1452 1331 1485 cruentum

216 1504 341 1543 Deicit
372 1510 412 1544 et
442 1505 609 1544 maculat
640 1511 892 1556 praeruptam
925 1506 1113 1555 sanguine
1146 1517 1308 1556 rupem.

130 1571 197 1602 720
216 1563 316 1614 Arge
337 1595 347 1615 ,
377 1565 481 1602 iaces
501 1594 510 1601 .
548 1564 731 1614 quodque
763 1565 802 1602 in
834 1568 893 1602 tot
922 1563 1067 1602 lumina
1094 1563 1225 1602 lumen
1244 1562 1437 1616 habebas,

216 1621 465 1661 Exstinctum
497 1627 586 1673 est,
618 1627 855 1672 centumque
888 1621 1023 1660 oculos
1043 1633 1118 1660 nox
1140 1628 1307 1673 occupat
1336 1634 1437 1661 una.

218 1680 372 1731 Excipit
402 1680 474 1718 hos
507 1680 754 1731 volucrisque
787 1692 880 1718 suae
914 1679 1097 1718 Saturnia
1127 1681 1268 1731 pennis
1336 1689 1367 1715 r.
1388 1688 1436 1714 xi.

218 1738 390 1777 Collocat
421 1745 460 1777 et
490 1740 655 1789 gemmis
688 1738 850 1777 caudam
883 1737 1129 1776 stellantibus
1160 1738 1320 1789 implet.

220 1797 405 1835 Protinus
436 1799 610 1849 exarsit,
641 1809 714 1836 nec
744 1801 921 1847 tempora
952 1796 1104 1835 distulit
1134 1798 1238 1849 irae,

130 1864 197 1895 725
218 1854 540 1905 Horriseramque
573 1854 697 1894 oculis
729 1856 936 1905 animoque
969 1854 1112 1893 obiecit
1143 1854 1291 1906 Erinyn

217 1913 381 1952 Paelicis
412 1913 613 1964 Argolicae
632 1945 644 1966 ,
675 1913 931 1964 stimulosque
963 1914 1003 1951 in
1034 1918 1195 1963 pectore
1228 1925 1366 1952 caecos

218 1971 428 2024 Condidit,
460 1978 500 2010 et
529 1972 735 2023 profugam
765 1983 836 2022 per
867 1976 992 2010 totum
1026 1972 1169 2010 terruit
1200 1971 1357 2011 orbem.

216 2029 386 2069 Ultimus
416 2032 596 2069 inmenso
626 2029 803 2069 restabas
820 2061 832 2081 ‚
863 2029 947 2068 Nile
966 2061 977 2081 ‚
1009 2029 1155 2068 labori.

218 2088 344 2134 Quem
376 2088 538 2128 simulac
570 2089 728 2141 tetigit,
758 2088 896 2139 positis
922 2089 962 2126 in
993 2089 1168 2138 margine
1200 2089 1306 2140 ripae

131 2154 198 2186 ‘130
217 2146 434 2185 Procubuit
464 2146 629 2197 genibus
647 2177 659 2199 ‚
689 2147 954 2197 resupinoque
987 2146 1107 2185 ardua
1132 2146 1230 2185 collo

219 2204 326 2249 Quos
358 2210 487 2255 potuit
518 2205 621 2244 solos
639 2236 651 2257 ‚
682 2204 822 2243 tollens
854 2204 902 2242 ad
933 2204 1062 2243 sidera
1093 2204 1224 2243 vultus

218 2262 268 2301 Et
298 2270 444 2313 gemitu
477 2269 516 2302 et
546 2263 715 2302 lacrimis
747 2268 787 2302 et
816 2262 1012 2302 luctisono
1042 2264 1194 2313 mugitu

219 2320 316 2360 Cum
347 2321 435 2359 Iove
467 2322 547 2360 visa
572 2322 686 2372 queri
717 2326 777 2360 est
806 2321 1003 2372 finemque
1035 2332 1148 2360 orare
1180 2321 1393 2361 malorum.
