1554 2563
130 133 149 171 l
157 131 211 172 10
361 144 520 167 enacmin
674 131 886 167 METAMM
902 160 909 168 .

243 241 523 293 Mnemosynen
555 248 689 294 pastor
708 274 719 296 ,
752 244 882 282 varius
915 242 1058 282 Deoida
1091 255 1276 295 serpens.

158 307 223 339 115
243 300 298 339 Te
332 313 487 352 quoque
520 307 713 340 mutatum
745 307 855 340 torvo
873 333 885 354 ‚
916 301 1095 353 Neptune
1114 334 1126 354 ‚
1157 303 1321 342 iuvenco

245 358 401 411 Virgine
421 361 462 398 in
481 359 611 399 Aeolia
631 361 784 412 posuit.
817 366 859 399 tu
886 361 992 399 visus
1011 360 1186 412 Enipeus
1214 369 1240 395 r.
1259 368 1465 395 lxvii-lxxm-

245 418 378 468 Gignis
410 417 564 458 Aloidas
583 450 594 471 ,
626 419 727 458 aries
758 418 942 458 Bisaltida
975 418 1097 472 fallis3

243 475 294 515 Et
325 482 362 516 te
394 478 489 516 ssava
521 489 651 517 comas
683 477 840 529 frugum
872 479 1074 516 mitissima
1109 484 1232 517 mater

245 534 376 575 Sensit
407 543 553 587 equum
571 568 582 589 ,
614 538 738 575 sensit
768 535 967 575 volucrem
1000 538 1139 576 crinita
1171 535 1342 575 colubris

159 601 225 633 120
244 594 367 633 Mater
399 596 490 646 equi
521 594 691 634 volucris
709 628 721 647 ‚
753 596 876 634 sensit
907 595 1089 647 delphina
1119 594 1336 634 Melantho,

244 652 436 692 Omnibus
466 653 528 693 his
559 655 775 705 faciemque
808 666 917 692 suam
944 654 1160 705 faciemque
1192 654 1367 693 locorum

244 711 454 751 Reddidit.
495 718 554 751 est
583 712 663 751 illic
695 714 860 764 agrestis
891 714 1057 764 imagine
1090 711 1297 765 Phoebus,

244 770 372 822 thue
406 770 519 810 modo
552 772 750 822 accipitris
782 783 930 822 pennas
949 803 960 823 ‚
991 771 1105 810 modo
1138 777 1247 823 terga
1279 771 1401 810 leonis

245 829 421 869 Gesserit
438 862 449 883 ,
481 835 525 869 ut
555 836 688 882 pas-tor
719 829 934 869 Macareida
966 830 1105 869 luserit
1135 829 1268 869 Issen:

159 895 224 927 125
244 887 362 928 Liber
388 894 432 928 ut
450 887 648 940 Erigonen
675 887 768 927 falsa
794 889 994 940 deceperit
1013 900 1109 941 uva,
1140 896 1464 924 mlxxxiii-huvin-

246 947 295 986 Ut
327 947 521 987 Saturnus
553 959 653 999 equo
686 948 885 998 geminum
917 946 1085 986 Chirona
1118 948 1283 986 crearit.

246 1006 386 1045 Ultima
417 1018 508 1058 pars
540 1006 639 1045 telae
672 1007 781 1045 tenui
813 1006 1052 1045 circumdata
1083 1005 1200 1045 limbo

245 1064 446 1104 Nexilibus
472 1065 589 1104 flores
621 1063 778 1104 hederis
809 1064 926 1104 habet
957 1065 1212 1104 intertextos.

244 1123 330 1162 Non
363 1123 456 1162 illud
488 1123 612 1162 Pallas
631 1155 642 1175 ,
675 1135 752 1162 non
784 1122 878 1162 illud
911 1135 1074 1175 carpere
1105 1122 1220 1162 Livor

159 1191 225 1223 130
244 1182 375 1223 Possit
406 1194 532 1234 opus.
572 1181 696 1221 doluit
727 1193 912 1221 successu
939 1182 1035 1221 flava
1066 1183 1220 1234 virago,

245 1240 295 1280 Et
326 1242 432 1293 rupit
463 1242 586 1292 pictas
604 1272 616 1293 ‚
649 1240 830 1279 caelestia
861 1242 1023 1280 crimina
1042 1273 1053 1293 ‚
1084 1246 1235 1279 vestes.

248 1299 375 1351 thue
407 1298 610 1351 Cytoriaco
642 1299 795 1339 radium
820 1299 867 1338 de
900 1305 1032 1338 monte
1064 1299 1247 1351 tenebat,

245 1358 323 1398 Ter
355 1364 494 1409 quater
525 1357 721 1397 Idmoniae
754 1358 922 1397 frontem
954 1359 1151 1409 percussit
1181 1356 1399 1397 Arachnes.

246 1416 332 1456 Non
364 1416 454 1456 tulit
484 1416 647 1468 infelix,
678 1416 896 1467 laqueoque
928 1418 1100 1456 animosa
1132 1416 1263 1468 ligavit

162 1483 225 1515 135
246 1475 442 1515 Guttura.
480 1474 718 1527 pendentem
749 1474 872 1514 Pallas
906 1477 1087 1515 miserata
1119 1474 1279 1527 levavit,

244 1535 372 1585 Atque
392 1535 443 1573 ita
465 1530 562 1572 ‘vive
584 1533 740 1585 quidem
759 1565 771 1586 ‚
802 1533 929 1586 pende
950 1539 1103 1586 tamen,
1127 1533 1304 1585 improba
1317 1530 1343 1585 ,⁹
1370 1533 1467 1574 dixit

247 1591 420 1644 ‘Lexque
453 1592 588 1631 eadem
619 1604 797 1645 poenae,
829 1604 877 1632 ne
910 1593 964 1632 sis
996 1604 1134 1631 secura
1166 1592 1312 1645 futuri,

246 1651 354 1691 Dicta
387 1657 454 1691 tuo
486 1652 622 1702 generi
654 1652 832 1702 serisque
864 1650 1073 1702 nepotibus
1105 1648 1206 1690 esto'

247 1709 360 1760 [Post
391 1721 436 1749 ea
467 1709 673 1749 discedens
705 1711 810 1749 sucis
842 1708 1075 1749 Hecateidos
1106 1708 1269 1760 herbae]

160 1776 226 1809 140
247 1769 399 1820 Sparsit
430 1773 470 1807 et
500 1767 693 1819 extemplo
726 1769 829 1807 tristi
861 1768 1117 1807 medicamine
1136 1799 1145 1808 .
1185 1773 1307 1807 tactae

245 1826 452 1866 Dessuxere
484 1838 647 1878 comae,
680 1838 769 1866 cum
799 1828 886 1877 quis
919 1833 958 1865 et
995 1828 1099 1866 naris
1132 1832 1171 1866 et
1201 1838 1340 1878 aures,

245 1884 384 1936 Fitque
405 1890 522 1936 caput
542 1885 768 1937 minimum,
789 1890 870 1924 toto
891 1897 1047 1936 quoque
1069 1897 1234 1937 corpore
1247 1897 1365 1937 parva
1385 1890 1467 1936 θεῖς

246 1943 288 1983 ln
320 1943 440 1983 latere
473 1943 593 1983 exiles
625 1943 735 1994 digiti
764 1955 836 1994 pro
868 1943 1050 1983 cruribus
1082 1943 1269 1995 haerent,

246 2002 386 2042 Cetera
418 2007 555 2041 venter
585 2000 726 2040 habet:
758 2001 805 2040 de
838 2013 916 2053 quo
949 2007 1077 2041 tamen
1109 2001 1172 2041 illa
1204 2002 1368 2041 remittit

160 2068 225 2101 145
247 2060 407 2100 Stamen
427 2092 438 2113 ‚
471 2065 510 2099 et
540 2061 718 2111 antiquas
751 2065 909 2099 exercet
939 2072 1079 2099 aranea
1111 2059 1230 2100 telas.
1290 2069 1319 2094 1.
1339 2068 1467 2095 1xxxix-

305 2118 424 2170 Lydia
456 2124 537 2158 tota
569 2119 701 2157 fremit
718 2149 730 2171 ‚
761 2117 1029 2170 Phrygiaeque
1060 2130 1132 2171 per
1164 2118 1304 2170 oppida
1336 2119 1426 2158 facti

247 2178 396 2217 Rumor
426 2178 458 2216 it
489 2182 528 2216 et
558 2188 741 2228 magnum
773 2177 1021 2216 sermonibus
1052 2182 1221 2228 occupat
1250 2175 1408 2216 orbem.

245 2237 344 2275 Ante
377 2247 470 2275 suos
502 2234 626 2274 Niobe
658 2234 847 2274 thalamos
879 2241 1115 2286 cognoverat
1145 2235 1273 2287 illam,

245 2294 346 2333 Tum
379 2305 469 2333 cum
502 2293 717 2333 Maeoniam
748 2295 856 2345 virgo
890 2292 1144 2345 Sipylumque
1176 2293 1351 2333 colebat:

160 2359 225 2393 150
244 2352 325 2391 Nec
356 2358 486 2391 tamen
519 2351 715 2391 admonita
745 2357 807 2391 est
836 2363 961 2404 poena
992 2352 1192 2404 popularis
1223 2351 1420 2391 Arachnes
