1554 2563
114 115 194 156 146
359 127 500 169 rnocms
661 113 876 148 METAMM
890 139 900 151 .

227 224 340 271 Quod
373 229 505 264 teneat
535 223 634 264 lucis
652 255 664 278 ,
695 229 828 264 teneat
859 225 1026 264 confinia
1060 226 1209 277 noctis,

227 283 428 324 Nectareis
461 283 564 334 quod
597 283 722 323 alatur
750 284 861 334 aquis
882 305 937 311 —
959 296 1030 335 ego
1059 283 1223 323 Procrin
1257 283 1453 325 amabam:

226 342 391 382 Pectore
422 341 581 381 Procris
613 348 724 395 erat,
756 341 914 381 Procris
946 342 1042 381 mihi
1073 354 1228 395 semper
1259 344 1298 382 in
1332 355 1422 383 ore.

229 401 346 440 Sacra
379 402 455 440 tori
488 402 694 452 coitusque
727 413 848 440 novos
881 401 1150 453 thalamosque
1183 409 1363 441 recentes

141 468 207 500 710
228 460 437 512 Primaque
470 459 617 499 deserti
649 459 868 499 referebam
902 460 1060 499 foedera
1092 460 1205 500 lecti.

228 519 329 558 Mota
361 519 432 558 dea
465 525 553 572 est,
584 525 624 558 et
656 516 781 558 “siste
816 525 900 558 tuas
919 551 930 572 ,
962 521 1144 573 ingrate,
1176 519 1394 570 querellas:

226 578 391 617 Procrin
423 577 521 617 habe
542 575 566 617 !'
599 577 696 617 dixit
727 574 882 629 ‘quodsi
915 589 1001 617 mea
1032 578 1193 629 provida
1225 590 1336 617 mens
1370 584 1454 630 est,

228 637 313 676 Non
347 635 531 676 habuisse
563 633 701 675 voles”
734 648 876 688 meque
907 636 962 675 illi
995 638 1092 676 irata
1124 639 1304 676 remisit.

229 695 330 735 Dum
362 695 481 734 redeo
500 727 511 748 ,
543 707 777 746 mecumque
809 695 904 734 deae
936 702 1149 735 memorata
1181 701 1377 748 retracto,

140 763 206 794 715
227 754 323 794 Esse
356 760 484 793 metus
517 755 646 805 coepit
664 786 676 807 ,
708 766 756 793 ne
789 755 875 793 iura
906 754 1047 805 iugalia
1080 756 1251 794 coniunx

227 813 313 853 Non
344 813 444 853 bene
477 818 700 852 servasset.
738 813 856 852 facies
889 819 1073 865 aetasque
1105 813 1265 853 iubebat

228 872 399 912 Credere
431 870 697 924 adulterium3
728 871 989 923 prohibebant
1021 872 1183 911 credere
1217 884 1368 913 mores.

229 931 305 970 Sed
337 937 467 970 tamen
487 931 661 969 asueram
681 944 690 970 ε
724 931 791 969 sed
812 937 852 969 et
871 931 966 970 haec
987 937 1071 970 erat
1087 962 1099 984 ‚
1130 931 1234 970 unde
1255 931 1430 971 redibam

228 990 412 1029 Criminis
444 989 695 1040 exemplum:
728 989 794 1028 sed
828 996 968 1029 cuncta
1001 991 1184 1029 timemus
1215 997 1411 1030 amantes.

140 1057 206 1089 720
228 1049 426 1095 Quaerere
445 1080 456 1100 ‚
489 1048 593 1099 quod
631 1047 780 1087 doleam
799 1080 811 1101 ‚
844 1054 972 1088 statuo
991 1080 1002 1101 ,
1041 1049 1232 1100 donisque
1271 1049 1452 1102 pudicam

230 1108 446 1147 Sollicitare
480 1107 596 1145 fidem
617 1138 625 1146 .
663 1108 765 1146 favet
797 1106 888 1146 huic
920 1109 1070 1146 Aurora
1103 1109 1258 1161 timori,

228 1166 477 1217 Inmutatque
509 1177 634 1205 meam
667 1187 722 1194 —
755 1166 889 1204 videor
922 1168 1092 1205 sensisse
1125 1188 1179 1194 -—
1212 1168 1398 1218 figuram.

226 1225 416 1264 Palladias
447 1227 535 1264 ineo
568 1236 646 1263 non
680 1225 975 1276 cognoscendus
1008 1225 1201 1278 Athenas,

227 1283 509 1335 ingrediorque
545 1283 703 1322 domum
723 1314 731 1322 .
771 1283 883 1335 culpa
915 1283 1053 1322 domus
1085 1286 1168 1335 ipsa
1201 1284 1380 1337 carebat,

140 1351 206 1382 725
227 1343 418 1394 Castaque
451 1344 559 1393 signa
591 1342 734 1394 dabat,
767 1342 1002 1393 dominoque
1041 1349 1125 1381 erat
1166 1345 1276 1382 anxia
1316 1350 1452 1395 rapto.

227 1401 296 1440 Vix
328 1401 432 1440 aditu
465 1413 536 1452 per
568 1400 671 1440 mille
705 1400 813 1439 dolos
845 1401 891 1439 ad
923 1400 1161 1440 Erechthida
1194 1402 1295 1441 sacto

226 1460 278 1500 Ut
307 1460 414 1512 vidi,
440 1459 641 1512 obstipui,
673 1459 934 1511 meditataque
966 1472 1089 1511 paene
1122 1460 1263 1511 reliqui

227 1519 522 1571 Temptamenta
554 1517 658 1557 fide.
697 1518 794 1557 male
828 1530 890 1557 me
908 1549 919 1570 ,
952 1519 1046 1569 quin
1079 1531 1168 1557 vera
1201 1520 1368 1572 faterer,

228 1578 440 1629 Continui;
472 1577 570 1616 maie
588 1608 600 1629 ‚
633 1578 727 1628 quin
746 1608 757 1630 ,
788 1583 832 1616 ut
863 1579 1067 1629 oportuit,
1099 1578 1230 1616 oscula
1263 1579 1432 1618 serrem.

140 1645 208 1677 730
227 1636 368 1676 Tristis
400 1642 513 1676 erat:
546 1635 612 1674 sed
646 1635 750 1674 nulla
782 1641 911 1675 tamen
944 1636 1153 1674 formosior
1183 1636 1246 1675 illa

227 1695 324 1734 Esse
355 1701 487 1746 potest
517 1696 649 1747 tristi3
681 1694 954 1745 desiderioque
988 1694 1138 1734 calebat

228 1754 414 1805 Coniugis
447 1753 627 1804 abrepti.
666 1759 707 1792 tu
741 1753 909 1805 collige,
942 1753 1066 1804 qualis
1098 1755 1138 1792 in
1170 1753 1262 1807 illa,

226 1813 356 1852 Phoce
374 1844 385 1865 ‚
417 1812 536 1851 decor
568 1813 715 1863 suerit,
748 1824 863 1862 quam
902 1812 958 1850 sic
999 1811 1110 1850 dolor
1147 1813 1231 1863 ipse
1264 1812 1447 1852 decebat.

228 1871 329 1917 Quid
362 1871 531 1910 reseram
549 1902 560 1923 ,
592 1872 774 1921 quotiens
807 1872 1058 1922 temptamina
1092 1877 1225 1909 nostra
1257 1872 1388 1923 pudici

141 1938 207 1969 ⁷35
228 1929 488 1982 Reppulerint
518 1941 647 1968 mores
667 1926 689 1968 ‘i'
721 1931 902 1980 quotiens
935 1926 1054 1980 “ego'
1087 1929 1227 1968 dixerit
1262 1927 1344 1969 ‘uni

230 1989 401 2041 Servor3
434 1988 673 2038 ubicumque
706 1994 795 2040 est,
827 1988 894 2026 uni
926 1999 1010 2026 mea
1042 1988 1180 2038 gaudia
1212 1986 1393 2028 servo''?

1443 964 1454 985 2

229 2047 300 2086 Cui
332 2059 410 2086 non
442 2049 516 2086 ista
547 2046 623 2085 fide
656 2048 751 2085 satis
783 2047 1024 2097 experientia
1057 2058 1150 2085 sano

227 2106 364 2157 Magna
396 2103 537 2144 soret?
569 2117 646 2144 non
679 2117 765 2144 sum
798 2112 1036 2157 contentus,
1069 2110 1108 2143 et
1139 2106 1179 2143 in
1212 2118 1296 2144 mea
1317 2118 1450 2158 pugno

228 2164 427 2216 Vulnera,
459 2164 552 2203 dum
585 2175 726 2202 census
759 2163 851 2202 dare
883 2176 945 2202 me
983 2175 1054 2214 pro
1093 2170 1207 2202 nocte
1248 2167 1450 2218 paciscor,

144 2230 209 2262 740
229 2222 470 2274 Muneraque
502 2223 678 2273 augendo
711 2222 868 2261 tandem
900 2221 1079 2261 dubitare
1113 2224 1246 2273 coegi.

227 2280 411 2319 Exclamo
445 2278 575 2321 “male
607 2283 707 2320 victa
738 2293 804 2319 rea
837 2280 924 2320 est!
957 2293 1028 2331 ego
1062 2287 1190 2320 tectus
1224 2281 1375 2321 adulter

228 2338 353 2379 Verus
385 2351 491 2378 eram
523 2341 721 2379 coniunx.
760 2351 821 2378 me
840 2370 851 2392 ,
882 2339 1029 2391 perfida
1048 2370 1059 2390 ,
1091 2346 1191 2378 teste
1226 2342 1372 2380 teneris
1387 2337 1427 2380 !''
