1554 2563
607 109 641 144 X
655 136 664 151 ‚
691 113 878 145 651—724
889 137 897 145 .
1055 124 1181 147 morus
1336 112 1423 155 215

194 218 430 258 Transibant
447 251 459 271 ‚
489 224 530 258 et
559 220 636 258 iter
666 218 824 271 longum
857 222 1109 271 requiescere
1141 223 1284 262 suasit.

194 277 276 316 Illic
307 278 541 317 concubitus
572 280 845 330 intempestiva
879 280 1020 331 cupido

107 344 174 375 690
195 336 371 388 Occupat
402 336 672 388 Hippomenen
691 368 703 389 ‚
734 349 755 376 a
786 339 946 377 numine
980 340 1133 378 concita
1164 344 1321 379 nostro.

193 394 370 434 Luminis
403 397 534 446 exigui
565 396 694 434 fuerat
724 408 846 448 prope
878 397 1022 449 templa
1054 410 1262 451 recessus,

195 454 413 505 Speluncae
446 454 582 493 similis
602 486 613 506 ,
648 456 776 493 nativo
808 457 964 506 pumice
996 462 1150 509 tectuS,

193 512 394 564 Religione
427 525 538 551 sacer
568 514 698 564 prisca
717 545 728 566 ,
761 526 837 565 quo
870 514 990 553 multa
1022 515 1205 554 sacerdos

193 570 338 623 Lignea
371 571 592 610 contulerat
622 577 801 611 veterum
834 573 1040 612 simulacra
1073 574 1260 613 deorum.

105 637 173 669 695
193 629 308 669 Hunc
339 632 442 683 init,
473 636 512 669 et
542 632 662 669 vetito
695 637 863 671 temerat
894 634 1063 671 sacraria
1094 632 1262 684 probro,

194 688 312 728 Sacra
344 694 593 728 retorserunt
624 689 789 742 oculos;
820 693 1040 742 turritaque
1072 691 1220 744 Mater,

191 748 250 786 An
284 747 415 799 Stygia
447 753 610 801 sontes,
642 748 861 801 dubitavit,
893 756 1091 801 mergeret
1121 751 1247 790 unda.

190 806 322 845 Poena
353 807 449 845 levis
479 808 560 845 visa
592 812 680 846 est.
719 820 812 859 ergo
844 808 960 847 modo
992 808 1090 847 levia
1121 809 1246 848 fulvae

193 865 298 904 Colla
329 864 443 904 iubae
475 865 626 917 velant,
658 866 768 917 digiti
793 872 1007 906 curvantur
1032 869 1072 906 in
1097 880 1276 920 ungues,
1308 877 1414 904 toi-1.

104 931 172 963 700
192 923 249 962 Ex
281 925 429 963 umeris
462 926 559 963 armi
590 925 716 977 fiunt,
747 926 786 963 in
818 931 979 976 pectora
1009 931 1137 965 totum

191 982 351 1021 Pondus
384 982 494 1035 abit,
525 995 699 1022 summae
732 984 853 1022 cauda
884 990 1099 1023 verruntur
1129 985 1321 1026 harenae.

190 1041 293 1080 Iram
326 1041 454 1080 vultus
486 1041 604 1080 habet
622 1074 633 1094 ‚
666 1054 738 1093 pro
770 1042 900 1081 verbis
933 1055 1135 1082 murmura
1165 1044 1359 1098 reddunt,

189 1099 267 1138 Pro
300 1099 478 1138 thalamis
511 1100 712 1139 celebrant
743 1101 886 1140 silvas:
918 1101 1081 1153 aliisque
1113 1104 1278 1142 timendi

190 1157 314 1197 Dente
346 1165 532 1210 premunt
563 1159 709 1198 domito
741 1159 921 1211 Cybeleia
954 1161 1064 1199 frena
1094 1160 1251 1201 leones.

103 1224 170 1257 '¹105
190 1216 270 1255 Hos
297 1222 364 1269 tu,
395 1229 509 1269 care,
535 1218 630 1256 mihi
655 1230 824 1269 cumque
850 1218 911 1257 his
936 1231 1060 1270 genus
1081 1231 1196 1258 omne
1222 1221 1417 1273 ferarum,

191 1275 304 1321 Quod
331 1288 410 1314 non
436 1281 545 1327 terga
577 1277 690 1328 fugae
710 1309 721 1329 ,
752 1277 821 1316 sed
853 1290 1006 1328 pugnae
1038 1284 1199 1330 pectora
1230 1280 1416 1333 praebet,

189 1333 327 1386 Effuge
346 1366 357 1387 ,
388 1347 438 1373 ne
470 1337 596 1374 virtus
628 1341 694 1374 tua
726 1337 777 1374 sit
808 1336 991 1375 damnosa
1025 1337 1179 1376 duobus
1193 1334 1234 1376 .''

247 1392 315 1431 llla
348 1393 506 1444 quidem
538 1395 719 1446 monuit,
749 1396 974 1445 iunctisque
1005 1407 1077 1446 per
1109 1400 1198 1435 aera
1230 1399 1363 1448 cygnis

191 1451 325 1503 Carpit
355 1454 432 1490 iter
452 1483 461 1491 .
500 1452 568 1490 sed
601 1458 678 1491 stat
709 1454 868 1492 monitis
900 1455 1096 1492 contraria
1127 1456 1274 1494 virtus.

103 1517 171 1550 710
190 1510 308 1549 Forte
341 1522 452 1548 suem
483 1509 643 1549 latebris
674 1512 836 1562 vestigia
869 1517 977 1550 certa
1008 1514 1134 1551 secuti

188 1568 378 1607 Excivere
411 1581 556 1621 canes,
589 1568 773 1620 silvisque
806 1571 912 1608 exire
943 1577 1146 1621 parantem

188 1627 346 1666 Fixerat
377 1627 536 1678 obliquo
568 1629 720 1666 iuven-is
753 1627 958 1679 Cinyreius
990 1630 1094 1668 ictu.

188 1685 374 1725 Protinus
407 1687 580 1725 excussit
610 1686 738 1737 pando
770 1686 959 1725 venabula
990 1693 1120 1726 rostro

190 1744 387 1796 Sanguine
419 1746 539 1784 tincta
572 1757 643 1783 suo
662 1776 674 1797 ,
704 1745 980 1796 trepidumque
1013 1752 1053 1785 et
1083 1751 1166 1785 tuta
1197 1752 1399 1799 petentem

101 1810 169 1842 '115
189 1803 297 1841 Trux
330 1815 422 1854 aper
452 1805 706 1855 insequitur,
736 1809 919 1854 totosque
951 1804 1025 1843 sub
1056 1806 1217 1856 inguine
1249 1806 1386 1846 dentes

188 1861 375 1914 Abdidit,
407 1867 447 1901 et
477 1862 579 1900 fulva
611 1861 890 1901 moribundum
922 1864 1059 1902 stravit
1089 1864 1258 1903 harena.

187 1920 305 1959 Vecta
336 1920 412 1959 levi
442 1932 564 1960 curru
596 1921 742 1959 medias
775 1920 966 1971 Cytherea
996 1933 1068 1973 per
1100 1933 1215 1961 auras

188 1978 361 2030 Chytron
393 1978 555 2018 olorinis
586 1979 760 2018 nondum
792 1985 1026 2030 pervenerat
1057 1979 1149 2019 alis:

187 2038 354 2088 Agnovit
383 2037 498 2089 longe
530 2039 719 2089 gemitum
751 2039 986 2090 morientis,
1018 2044 1057 2077 et
1088 2038 1193 2077 albas

102 2102 169 2135 720
189 2095 314 2134 Flexit
346 2108 435 2134 aves
466 2096 559 2135 illuc
579 2127 588 2135 .
626 2102 748 2147 utque
781 2095 939 2135 aethere
971 2096 1067 2135 vidit
1098 2096 1145 2135 ab
1177 2097 1254 2137 alto

188 2153 416 2193 Exanimem
448 2156 568 2205 inque
601 2167 672 2193 suo
705 2156 915 2193 iactantem
948 2157 1135 2206 sanguine
1168 2168 1337 2207 corpus,

188 2212 382 2265 Desiluit,
413 2215 639 2264 pariterque
673 2214 802 2251 sinum
832 2214 1059 2264 pariterque
1092 2213 1250 2265 capillos

186 2270 307 2322 Rupit
325 2302 335 2321 ‚
367 2277 407 2310 et
436 2272 606 2322 indignis
637 2272 835 2323 percussit
864 2278 1024 2323 pectora
1054 2272 1214 2323 palmis,

188 2328 413 2380 Questaque
446 2341 536 2368 cum
567 2330 657 2369 fatis
691 2326 761 2368 “at
791 2341 870 2368 non
902 2336 1032 2369 tamen
1064 2332 1194 2377 omnia
1224 2331 1345 2370 vestri
