1554 2563
603 105 652 141 IV
667 133 676 151 ,
702 110 887 142 721—795
903 134 911 142 .
1068 119 1216 142 pensans
1372 104 1427 148 87

206 215 250 256 In
282 216 412 256 dotata
443 217 568 268 rapit:
599 216 732 255 taedas
764 215 1010 268 Hymenaeus
1042 216 1238 266 Amorque

206 274 484 327 Praecutiunt3
516 274 633 326 largis
665 276 856 314 satiantur
889 274 1074 314 odoribus
1100 276 1234 326 ignes,

119 341 188 373 760
209 333 398 386 Sertaque
432 332 654 385 dependent
685 334 798 372 tectis
818 365 828 385 ‚
860 340 898 372 et
931 332 1076 384 ubique
1110 336 1294 389 lyraeque

206 391 395 443 Tibiaque
429 396 467 432 et
498 397 635 431 cantus
652 424 664 445 ‚
697 393 815 431 animi
846 392 972 431 felicia
1004 392 1093 431 laeti

208 451 446 502 Argumenta
465 482 476 503 ,
508 457 676 490 sonant.
715 452 901 490 reseratis
934 462 1051 489 aurea
1082 450 1201 489 valvis

207 510 313 548 Atria
345 514 426 548 tota
461 505 893 563 patent‚pulohr0que
925 511 1116 548 instructa
1148 516 1285 560 paratu

208 567 382 620 Cepheni
411 580 600 619 proceres
630 567 770 606 ineunt
798 569 971 607 convivia
1003 569 1130 619 regis.

120 633 188 666 765
208 626 420 678 Postquam
452 626 578 678 epulis
610 626 735 666 functi
766 628 947 678 generosi
978 638 1142 666 munere
1173 625 1315 665 Bacchi

209 684 405 724 Diffudere
438 687 617 738 animos,
650 685 858 736 cultusque
891 697 1092 737 genusque
1124 685 1302 724 locorum

120 751 187 784 767
210 743 372 790 Quaerit
402 743 593 795 Lyncides
625 756 832 796 moresque
866 745 1116 794 animumque
1148 744 1339 782 virorum.

120 810 186 842 769
209 801 285 848 Qui
316 802 431 842 simul
464 802 620 842 edocuit
646 800 795 855 ‘nunc,
827 815 849 841 ο
882 803 1092 842 fortissime
1113 799 1138 854 ‚'
1172 802 1268 841 dixit

122 869 190 901 770
211 858 323 900 ‘Fare
355 874 497 913 precor
516 893 526 913 ,
557 861 705 901 Perseu
725 893 736 914 ,
770 867 914 912 quanta
945 863 1088 900 virtute
1108 893 1118 913 ,
1151 860 1371 912 quibusque

209 919 367 959 Artibus
400 919 608 959 abstuleris
640 922 779 960 crinita
811 919 1046 959 draconibus
1079 931 1146 958 ora
1161 916 1185 959 .'

210 978 351 1018 Narrat
381 978 620 1030 Agenorides
653 979 779 1031 gelido
813 978 885 1018 sub
917 978 1071 1018 Atlante
1104 979 1296 1017 iacentem

210 1037 306 1076 Esse
339 1037 469 1077 locum
501 1037 645 1076 solidae
678 1043 807 1078 tutum
839 1039 1052 1076 munimine
1086 1036 1222 1089 molis3

211 1096 332 1135 Cuius
363 1097 404 1135 in
436 1097 599 1135 introitu
632 1098 805 1147 geminas
837 1095 1033 1135 habitasse
1065 1107 1221 1134 sorores

121 1162 188 1193 775
210 1154 421 1193 Phorcidas
439 1186 451 1208 ‚
483 1156 600 1194 unius
631 1157 793 1206 partitas
825 1155 982 1194 luminis
1013 1166 1153 1193 usum:

210 1213 252 1252 ld
285 1225 327 1252 se
359 1212 510 1253 sollerti
541 1214 678 1253 furtim
699 1245 710 1266 ,
742 1213 834 1253 dum
866 1213 1063 1265 traditur,
1095 1219 1180 1252 astu

212 1270 421 1323 Subposita
453 1273 603 1324 cepisse
636 1284 782 1311 manu:
814 1284 964 1324 perque
996 1270 1124 1311 abdita
1156 1271 1269 1322 longe

211 1330 405 1382 Deviaque
438 1336 478 1370 et
509 1330 614 1370 silvis
645 1330 846 1370 horrentia
878 1342 968 1369 saxa
999 1331 1163 1381 fragosis

212 1389 435 1440 Gorgoneas
467 1391 642 1440 tetigisse
674 1389 839 1428 domos:
876 1391 1099 1441 passimque
1131 1400 1202 1440 per
1235 1399 1348 1439 agros

124 1455 192 1488 780
214 1448 368 1499 Perque
400 1450 480 1487 vias
512 1448 654 1487 vidisse
686 1448 889 1487 hominum
921 1447 1128 1487 simulacra
1161 1448 1410 1497 ferarumque

212 1506 256 1545 In
289 1506 439 1545 silicem
471 1519 518 1545 ex
549 1508 645 1557 ipsis
677 1508 757 1545 visa
792 1518 981 1545 conversa
1012 1505 1195 1545 Medusa:

215 1564 265 1604 Se
297 1570 426 1604 tamen
458 1565 677 1604 horrendae
710 1565 852 1617 clipei,
886 1564 989 1616 quod
1021 1564 1126 1603 laeva
1152 1562 1335 1616 gerebat,

214 1623 313 1662 Aere
346 1635 582 1674 repercusso
614 1624 778 1662 formam
810 1625 1008 1675 aspexisse
1041 1622 1248 1662 Medusae:

213 1681 392 1733 Dumque
424 1683 550 1734 gravis
571 1694 732 1721 somnus
753 1681 1012 1733 colubrasque
1031 1683 1234 1733 ipsamque
1256 1678 1438 1732 tenebat,

124 1747 193 1780 785
214 1740 419 1792 Eripuisse
453 1746 570 1792 caput
602 1740 730 1793 001103
761 1742 980 1792 pennisque
1013 1740 1190 1791 fugacem

213 1799 389 1850 Pegason
421 1805 461 1839 et
491 1800 653 1838 fratrem
685 1801 820 1838 matris
853 1798 900 1838 de
933 1800 1121 1850 sanguine
1154 1804 1288 1837 natos.

214 1857 372 1898 Addidit
402 1864 441 1898 et
465 1857 571 1910 longi
602 1870 680 1897 non
713 1857 806 1896 falsa
838 1857 1012 1909 pericula
1044 1869 1208 1896 cursus:

216 1916 322 1962 Quae
355 1917 454 1956 freta
473 1948 484 1969 ,
510 1929 605 1968 quas
638 1923 764 1956 terras
797 1915 869 1955 sub
902 1928 944 1955 se
975 1915 1137 1955 vidisset
1169 1914 1215 1953 ab
1249 1914 1351 1965 alto,

215 1974 264 2014 Et
296 1987 393 2026 quae
424 1976 576 2015 iactatis
607 1976 801 2026 tetigisset
832 1974 961 2013 sidera
992 1976 1155 2026 pennis.

126 2040 195 2072 790
216 2034 313 2072 Ante
347 2040 594 2085 expectatum
626 2035 748 2073 tacuit
781 2039 938 2072 tamen.
978 2033 1122 2084 excipit
1154 2043 1255 2071 unus

215 2091 272 2130 Ex
303 2104 468 2131 numero
506 2104 717 2144 procerum
736 2123 747 2145 ,
780 2103 973 2143 quaerens
992 2122 1003 2144 ,
1036 2102 1107 2130 cur
1146 2089 1226 2129 sola
1259 2101 1439 2130 sororum

216 2149 392 2190 Gesserit
423 2150 583 2190 alternis
614 2152 798 2190 inmixtos
832 2149 1007 2189 crinibus
1039 2160 1208 2200 angues,

216 2207 367 2260 Hospes
399 2210 452 2248 ait
484 2206 684 2260 ‘quoniam
710 2210 863 2248 scitaris
896 2207 1012 2259 digna
1042 2207 1192 2260 relatu,

215 2267 356 2318 Accipe
390 2269 555 2318 quaesiti
587 2279 772 2307 causam.
812 2266 1026 2306 clarissima
1057 2266 1182 2304 forma

128 2331 194 2364 795
216 2324 506 2377 Multorumque
540 2326 613 2365 fuit
644 2338 733 2377 spes
767 2324 956 2364 invidiosa
986 2335 1199 2377 procorum
