1554 2563
591 146 655 181 XV
672 174 680 191 ‚
707 152 892 184 519—592
908 178 915 186 .
1001 164 1110 187 'raons
1127 180 1134 187 .
1161 166 1259 189 cn‘us
1343 154 1427 195 321

203 250 367 291 Sumere
398 264 488 292 mox
519 254 688 296 hominis
707 288 719 309 ,
750 263 958 311 terraeque
991 263 1170 302 amittere
1203 264 1388 317 sormam,

202 308 357 360 Oraque
389 315 566 352 venturis
598 317 751 366 aperire
783 320 957 358 recentia
990 320 1102 361 satis:

201 367 409 420 Indigenae
441 370 575 411 dixere
607 373 768 427 Tagen,
801 378 867 428 qui
899 379 1049 429 primus
1081 379 1286 420 Etruscam

199 425 366 466 Edocuit
396 435 552 479 gentem
585 443 698 471 casus
730 437 883 485 aperire
916 437 1094 478 futuros:
1125 460 1181 467 —

112 490 178 521 560
200 484 295 524 Utve
327 486 512 527 Palatinis
543 489 771 530 haerentem
804 494 969 534 collibus
1002 496 1093 535 olim

199 544 295 582 Cum
327 544 456 584 subito
488 547 584 587 vidit
616 549 868 592 frondescere
900 554 1090 594 Romulus
1122 556 1295 611 hastam,

198 602 304 647 Quae
338 604 468 643 radice
499 618 627 659 nova,
659 620 737 648 non
770 610 875 650 ferro
908 613 1034 652 stabat
1066 614 1224 669 adacto,
1280 625 1305 650 f·
1326 633 1420 652 ccxv-

197 660 247 699 Et
277 662 352 700 iam
385 674 464 702 non
496 664 617 704 telum
636 698 646 718 ,
680 668 747 707 sed
772 668 868 709 lenti
899 673 1055 711 viminis
1087 673 1203 713 arbor

195 718 281 758 Non
313 727 537 773 expectatas
569 724 684 764 dabat
714 727 997 769 admirantibus
1029 732 1212 772 umbras:
1245 755 1299 761 —

108 782 173 814 565
195 778 271 817 Aut
302 791 372 818 sua
403 780 587 821 fluminea
619 796 708 824 cum
739 786 835 826 vidit
866 787 985 840 Cipus
1016 791 1058 829 in
1088 791 1192 830 unda
1269 801 1291 827 r·
1316 801 1417 829 cem.

195 835 378 877 Cornua.
417 839 512 879 vidit
543 843 677 895 enim,
709 844 922 897 falsamque
955 849 995 886 in
1026 850 1195 901 imagine
1228 851 1393 891 credens

192 894 289 934 Esse
322 896 437 936 fidem
456 929 466 949 ‚
499 898 628 950 digitis
661 902 708 941 ad
740 903 910 944 frontem
941 918 1057 958 saepe
1090 908 1222 948 relatis

193 953 300 998 Quae
331 955 455 1008 vidit,
487 960 642 1011 tetigit3
675 973 748 1000 nec
780 964 855 1001 iam
888 976 958 1003 sua
990 965 1135 1005 lumina
1168 967 1355 1007 damnans

191 1011 379 1065 Restitit,
411 1021 455 1054 ut
485 1017 610 1056 victor
641 1019 786 1059 domito
818 1023 999 1063 veniebat
1029 1024 1076 1063 ab
1108 1025 1245 1079 hoste,

103 1075 170 1108 570
192 1071 248 1109 Ad
281 1071 510 1124 caelumque
542 1076 676 1116 oculos
709 1084 749 1118 et
779 1081 916 1120 eodem
948 1081 1130 1122 bracchia
1162 1085 1302 1125 tollens

191 1126 401 1181 ‘Quicquid
420 1128 446 1184 ,'
478 1134 530 1172 ait
563 1131 712 1186 ‘superi
729 1168 741 1189 ,
772 1145 948 1179 monstro
979 1142 1230 1192 portenditur
1261 1145 1361 1197 ism,

191 1187 270 1226 Seu
301 1188 446 1228 laetum
478 1197 538 1230 est
556 1224 567 1244 ,
598 1196 745 1244 patriae
779 1196 923 1237 laetum
953 1200 1178 1251 populoque
1211 1202 1390 1257 Quirini;

191 1245 278 1285 Sive
311 1249 440 1286 minax
459 1280 471 1300 ,
502 1250 597 1289 mihi
629 1253 680 1291 sit
699 1250 724 1292 .'
756 1256 948 1306 viridique
981 1270 1002 1297 e
1036 1261 1205 1311 caespite
1239 1261 1360 1301 factas

113 1323 166 1329 —
188 1303 318 1344 Placat
350 1306 522 1346 odoratis
553 1309 740 1350 herbosas
771 1314 927 1364 ignibus
959 1328 1069 1368 aras,

100 1367 166 1399 575
190 1361 362 1414 Vinaque
395 1365 459 1404 dat
490 1370 635 1417 pateris
654 1401 665 1421 ,
697 1377 1032 1425 mactatarumque
1065 1375 1291 1430 bidentum,

187 1420 290 1465 Quid
323 1421 398 1461 sibi
430 1425 679 1479 significent,
711 1431 947 1481 trepidantia
980 1434 1150 1473 consulit
1180 1442 1290 1476 exta.

187 1478 294 1524 Quae
327 1481 442 1520 simul
474 1486 624 1534 aspexit
654 1485 879 1537 Tyrrhenae
912 1493 1039 1541 gentis
1071 1492 1290 1547 haruspex,

185 1536 320 1588 Magna
351 1539 510 1589 quidem
541 1554 675 1582 rerum
707 1546 904 1586 molimina
935 1550 1031 1588 vidit
1061 1552 1101 1589 in
1132 1551 1231 1604 illis,

184 1595 270 1634 Non
301 1599 506 1638 manifesta
536 1606 695 1642 tamen.
735 1616 824 1644 cum
856 1618 947 1646 vero
980 1609 1140 1649 sustulit
1170 1623 1259 1650 acre

98 1660 164 1692 580
184 1654 214 1691 A
245 1655 409 1706 pecudis
441 1657 550 1697 fibris
582 1661 628 1699 ad
662 1661 746 1713 Cipi
778 1676 925 1704 cornua
955 1666 1112 1720 lumen,

184 1709 281 1751 ‘Rex
299 1710 328 1766 ,³
359 1716 413 1754 ait
444 1713 482 1754 ‘o
520 1717 652 1759 salve!
684 1721 754 1760 tibi
792 1724 925 1776 enim,
956 1725 1027 1764 tibi
1045 1757 1057 1778 ‚
1091 1726 1183 1779 Cipe
1202 1759 1214 1780 ,
1247 1731 1405 1782 tuisque

182 1770 254 1810 Hic
284 1771 394 1811 locus
427 1781 466 1813 et
495 1774 626 1816 Latiae
657 1780 853 1830 parebunt
884 1783 1070 1823 cornibus
1103 1797 1237 1826 arces.

181 1828 241 1868 Tu
272 1831 387 1870 modo
419 1845 558 1886 rumpe
590 1848 748 1891 moras,
779 1845 990 1892 portasque
1022 1844 1170 1883 intrare
1201 1851 1380 1897 patentes

179 1888 435 1940 Appropera.
474 1894 531 1932 sic
562 1894 638 1934 fata
674 1896 838 1937 iubent.
877 1911 1044 1951 namque
1076 1901 1180 1942 Urbe
1218 1911 1401 1957 receptus

92 1951 158 1983 585
179 1945 261 1985 Rex
293 1949 371 1987 eris
404 1955 443 1989 et
473 1959 630 2003 sceptro
662 1960 771 1994 tutus
802 1959 953 2007 potiere
985 1963 1150 2010 perenni
1164 1958 1190 2000 .'

179 2004 344 2045 Rettulit
374 2007 437 2046 ille
469 2010 638 2064 pedem,
670 2019 897 2066 torvamque
929 2028 950 2055 a
982 2018 1187 2058 moenibus
1220 2021 1335 2060 Urbis

178 2063 368 2105 Avertens
400 2067 538 2108 faciem
572 2067 724 2121 ‘procul
744 2104 756 2125 ‚
786 2073 836 2112 a!
867 2075 1006 2126 procul
1039 2075 1183 2116 omina'
1216 2080 1312 2119 dixit

177 2120 282 2161 Talia
315 2124 353 2163 di
384 2126 558 2180 pellant;
590 2129 791 2181 multoque
825 2144 895 2183 ego
927 2135 1070 2174 iustius
1102 2148 1239 2177 aevum

176 2178 275 2219 Exul
307 2194 445 2236 agam,
478 2197 594 2235 quam
625 2200 686 2227 me
719 2189 875 2230 videant
906 2191 1092 2243 Capitolia
1124 2207 1258 2247 regem
1272 2194 1297 2235 .’

89 2243 155 2275 590
176 2237 307 2292 Dixit,
339 2248 379 2281 et
409 2244 602 2296 extemplo
640 2248 906 2301 populumque
945 2263 1180 2304 gravemque
1218 2262 1396 2296 senatum

175 2295 397 2339 Convocat.
436 2308 524 2341 ante
557 2308 686 2344 tamen
718 2307 841 2357 pacali
874 2320 1021 2349 cornua
1052 2311 1161 2350 lauro

173 2352 310 2409 velat,
342 2364 381 2398 et
413 2361 620 2412 aggeribus
652 2364 764 2404 factis
797 2378 818 2404 a
849 2367 969 2407 milite
1002 2369 1095 2409 forti

125 2425 301 2454 0v1D.11.
1067 2440 1109 2471 21
