1554 2563
555 114 624 149 XII
637 141 646 158 ,
672 118 856 150 206—281
874 141 881 150 .
1008 127 1181 151 umam
1302 115 1388 156 245

75 231 142 262 245
162 223 318 263 Primus
352 223 592 275 Ophionides
624 224 792 276 Amycus
823 224 1038 277 penetralia
1069 225 1182 265 donis

162 281 274 321 Haud
308 285 437 322 timuit
470 283 636 334 spoliare
669 285 781 336 suis,
813 290 852 323 et
882 286 1034 335 primus
1066 284 1113 323 ab
1145 284 1239 324 aede

162 340 422 392 Lampadibus
454 341 619 381 densum
651 344 781 393 rapuit
812 343 941 381 funale
974 345 1172 396 coruscis;

162 399 396 451 Elatumque
428 401 503 439 alte
522 432 534 453 ‚
565 400 684 439 veluti
718 402 783 452 qui
816 401 977 440 candida
1010 403 1112 441 tauri

163 458 361 510 Rumpere
394 460 568 498 sacrifica
601 459 761 498 molitur
793 460 888 498 colla
921 462 1076 514 securi,

76 525 143 556 250
163 517 275 556 Illisit
306 518 427 557 fronti
458 518 643 569 Lapithae
677 517 928 571 Celadontis,
960 525 999 558 et
1030 531 1118 558 ossa

162 576 249 615 Non
281 578 528 628 agnoscendo
561 577 723 616 confusa
755 578 943 628 relinquit
973 579 1013 616 in
1045 590 1136 617 ore.

162 634 366 674 Exsiluere
399 636 531 688 oculi,
564 636 815 687 disiectisque
849 635 1004 675 ossibus
1036 638 1115 674 oris

162 694 257 733 Acta
289 700 395 733 retro
428 696 533 733 naris
565 694 772 746 medioque
805 700 866 734 est
897 696 970 733 fixa
1000 695 1150 746 palato.

163 752 276 791 Hunc
308 753 407 804 pede
441 752 626 792 convulso
659 766 816 792 mensae
847 753 1026 792 Pellaeus
1058 765 1222 792 acernae

76 819 142 850 255
165 811 310 851 Stravit
341 812 449 851 humi
482 812 634 851 Pelates
667 812 819 851 deiecto
851 814 890 851 in
922 818 1082 863 pectora
1114 819 1270 865 mento,

164 870 340 922 Cumque
373 877 456 910 atro
490 873 630 910 mixtos
663 877 885 922 sputantem
918 872 1106 922 sanguine
1139 870 1276 910 dentes

163 928 333 968 Vulnere
364 929 570 968 Tartareas
602 931 796 980 geminato
828 931 949 968 mittit
980 930 1026 968 ad
1058 929 1240 969 umbras.

164 988 372 1028 Proximus
404 995 448 1027 ut
480 994 671 1041 steterat,
703 994 884 1040 spectans
917 988 1051 1028 altaria
1082 988 1193 1028 vultu

163 1047 326 1086 Fumida
360 1046 525 1086 terribili
559 1044 661 1086 “cur
694 1044 787 1086 non'
819 1049 872 1086 ait
904 1044 1068 1086 ‘utimur
1099 1048 1186 1086 istis
1200 1043 1252 1085 ?''

76 1113 144 1146 260
165 1105 341 1157 Cumque
374 1107 456 1145 suis
489 1105 667 1157 Gryneus
699 1107 895 1144 inmanem
928 1105 1088 1144 sustulit
1119 1117 1225 1144 aram

164 1164 324 1216 Ignibus
356 1171 396 1204 et
427 1164 600 1204 medium
631 1163 885 1215 Lapitharum
916 1165 1010 1203 iecit
1040 1165 1080 1203 in
1112 1176 1276 1215 agmen,

165 1223 447 1274 Depressitque
479 1223 577 1262 duos
596 1255 607 1276 ‚
639 1222 807 1262 Brotean
840 1229 879 1262 et
911 1222 1062 1262 Orion.
1101 1222 1195 1262 Orio

164 1282 288 1321 Mater
320 1289 404 1322 erat
435 1281 580 1333 Mycale
599 1314 610 1334 ‚
642 1294 759 1333 quam
790 1281 998 1320 deduxisse
1032 1281 1206 1321 canendo

167 1340 290 1392 Saepe
323 1341 532 1380 reluctanti
564 1340 767 1380 constabat
798 1353 944 1379 cornua
975 1340 1113 1379 lunae.

78 1407 145 1439 265
166 1396 285 1438 “Non
316 1401 463 1451 inpune
495 1400 599 1438 feres
617 1430 629 1451 ,
660 1399 727 1438 teli
759 1399 873 1437 modo
906 1400 1017 1450 copia
1048 1399 1165 1438 detur
1178 1396 1218 1438 !’'

165 1457 324 1497 Dixerat
355 1458 525 1496 Exadius
544 1489 555 1510 ,
587 1458 732 1508 telique
765 1457 883 1496 habet
912 1459 1065 1510 instar,
1097 1458 1137 1496 in
1169 1456 1242 1496 alta

167 1517 275 1562 Quae
307 1517 464 1555 fuerant
494 1518 588 1567 pinu
621 1517 740 1554 votivi
771 1527 918 1554 cornua
950 1517 1078 1554 cervi.

165 1575 318 1626 Figitur
349 1575 441 1614 hinc
473 1575 617 1625 duplici
651 1574 829 1625 Gryneus
860 1575 900 1613 in
932 1574 1079 1613 lumina
1111 1587 1244 1628 ram0‚

165 1633 409 1685 Eruiturque
441 1634 577 1673 oculos
595 1665 606 1685 ‚
638 1645 807 1684 quorum
838 1644 929 1684 pars
962 1632 1148 1673 cornibus
1180 1633 1339 1686 haeret,

79 1700 147 1733 270
166 1693 262 1732 Pars
294 1693 381 1732 ssuit
411 1694 451 1732 in
482 1691 642 1731 barbam
675 1697 936 1742 concretaque
969 1694 1157 1743 sanguine
1188 1691 1357 1744 pendet,

166 1751 270 1790 Ecce
302 1753 404 1803 rapit
434 1752 572 1790 mediis
604 1751 831 1802 flagrantem
863 1750 1038 1790 Rhoetus
1070 1750 1117 1790 ab
1149 1752 1226 1790 aris

166 1810 406 1850 Pruniceum
438 1816 587 1850 torrem
606 1841 616 1861 ,
649 1809 863 1860 dextraque
895 1821 917 1848 a
948 1814 1058 1860 parte
1091 1809 1256 1848 Charaxi

168 1869 361 1920 Tempora
393 1869 602 1920 perfringit
633 1867 737 1906 fulvo
769 1873 945 1919 protecta
976 1867 1138 1919 capillo.

169 1927 349 1979 Correpti
380 1927 513 1979 rapida
531 1959 542 1980 ‚
574 1926 693 1966 veluti
726 1938 837 1978 seges
868 1926 974 1965 arida
992 1958 1004 1978 ‚
1034 1926 1187 1966 flamma

82 1994 149 2026 275
169 1987 363 2026 Arserunt
395 1989 525 2025 crines
544 2018 555 2038 ‚
587 1992 626 2024 et
657 1985 818 2024 vulnere
853 1986 1010 2036 sanguis
1042 1986 1198 2024 inustus

169 2044 402 2084 Terribilem
435 2045 602 2084 stridore
636 2056 775 2083 sonum
807 2043 942 2095 dedit3
974 2050 1018 2083 ut
1049 2043 1141 2082 dare
1173 2044 1322 2083 ferrum

168 2103 261 2155 Igne
292 2103 441 2143 rubens
472 2103 704 2155 plerumque
738 2102 865 2155 solet,
896 2102 1001 2153 quod
1034 2102 1183 2154 forcipe
1216 2115 1334 2142 curva

170 2161 267 2201 Cum
299 2162 408 2202 saber
440 2163 602 2214 eduxit,
635 2160 796 2200 lacubus
829 2160 1027 2213 demittit,
1059 2166 1097 2200 at
1126 2160 1222 2200 illud

171 2220 319 2260 Stridet
350 2227 389 2260 et
420 2222 459 2260 in
492 2220 623 2272 tepida
654 2232 918 2259 summersum
950 2219 1078 2258 sibilat
1108 2220 1234 2259 unda.

82 2287 148 2319 280
171 2279 335 2318 Saucius
367 2280 530 2318 hirsutis
562 2279 716 2318 avidum
748 2279 796 2318 de
828 2277 1004 2317 crinibus
1034 2280 1164 2330 ignem

171 2337 357 2390 Excutit,
389 2340 507 2390 inque
540 2350 697 2377 umeros
730 2337 848 2377 limen
880 2337 1020 2377 tellure
1052 2337 1252 2377 revulsum
