1554 2563
590 113 662 157 IX,
689 117 873 148 359—432
890 141 897 148 .
977 125 1243 148 Ammoniou
1332 111 1413 153 185

193 223 376 262 Alcmene
395 254 407 276 ‚
438 222 506 262 flet
538 230 577 263 et
607 225 690 275 ipsa
723 230 852 263 tamen
871 255 882 275 ‚
915 223 1157 274 compescuit
1188 233 1344 261 omnem

193 281 270 320 Res
303 293 400 320 nova
432 283 660 321 tristitiam.
699 294 787 321 nam
819 282 951 321 limine
985 282 1162 321 constitit
1187 280 1262 319 alto

192 340 319 379 Paene
351 352 450 391 puer
482 340 676 392 dubiaque
708 346 845 392 tegens
876 340 1058 391 lanugine
1091 338 1233 391 malas,

195 398 271 437 Ora
303 399 539 438 reformatus
570 401 718 451 primos
751 399 878 438 Iolaus
909 400 950 437 in
982 411 1126 437 annos.

104 465 173 497 400
193 456 276 496 Hoc
307 456 362 496 illi
393 457 554 496 dederat
584 457 747 497 Iunonia
778 459 953 497 muneris
986 457 1117 509 Hebe,
1285 464 1318 490 1.
1338 463 1415 491 cxli.

195 515 302 555 Victa
335 517 407 554 viri
432 516 646 567 precibus.
687 528 785 568 quae
819 528 909 555 cum
939 518 1070 554 iurare
1102 520 1281 568 pararet,

195 574 302 613 Dona
334 573 571 614 tributuram
602 581 692 626 post
722 575 829 614 hunc
861 587 903 613 se
935 574 1024 613 talia
1056 574 1175 625 nulli,

193 633 278 671 Non
311 639 372 671 est
401 645 514 684 passa
545 633 704 673 ThemIS
724 665 732 673 .
773 631 877 672 ‘nam
908 634 985 672 iam
1017 632 1210 672 discordia
1242 631 1398 671 Thebae

193 691 298 730 Bella
329 698 486 731 movent
503 688 530 744 ‚'
563 692 660 731 dixit
691 689 988 744 ‘Capaneusque
1014 693 1090 730 nisi
1121 691 1167 729 ab
1200 690 1289 729 love
1316 691 1417 729 vinci

105 758 173 790 405
194 750 305 789 Haud
338 752 512 803 poterit,
543 751 717 802 fientque
749 763 864 802 pares
896 752 936 789 in
968 750 1128 789 vulnere
1161 750 1329 802 fratres,

196 808 474 860 Subductaque
507 810 603 848 sitos
629 822 764 848 manes
796 809 934 848 tellure
967 808 1113 847 videbit

194 867 312 906 Vivus
344 867 470 906 adhuc
502 874 638 920 vates;
669 868 855 919 ultusque
886 874 1048 919 parente
1080 872 1283 918 parentem

194 926 316 965 Natus
350 927 425 965 erit
456 926 558 965 facto
590 928 678 978 pius
711 933 751 966 et
782 926 996 965 sceleratus
1028 926 1189 964 eodem:

195 986 470 1035 Attonitusque
503 985 613 1024 malis
632 1017 643 1038 ,
675 985 765 1024 exul
794 986 1016 1036 mentisque
1048 985 1289 1035 domusque,

107 1052 175 1083 410
195 1043 374 1082 Vultibus
406 1043 667 1083 Eumenidum
699 1045 913 1094 matrisque
946 1042 1155 1094 agitabitur
1187 1041 1361 1094 umbris,

197 1102 328 1141 Donec
360 1114 450 1141 eum
483 1104 653 1141 coniunx
686 1103 798 1141 fatale
830 1103 1055 1153 poposcerit
1086 1112 1249 1152 aurum,

198 1160 492 1211 Cognatumque
525 1161 625 1200 latus
651 1161 845 1212 Phegeius
878 1161 1053 1199 hauserit
1083 1161 1212 1198 ensiS.

196 1219 297 1258 Tum
330 1219 486 1258 demum
519 1232 657 1270 magno
689 1226 798 1271 petet
828 1219 899 1257 hos
931 1218 1113 1257 Acheloia
1145 1216 1309 1268 supplex

198 1277 254 1316 Ab
288 1277 376 1316 love
409 1277 601 1317 Callirhoe
632 1279 734 1317 natis
765 1277 982 1317 insantibus
1015 1289 1158 1328 annos,

110 1344 177 1375 415
200 1336 304 1375 Neve
336 1348 474 1375 necem
506 1338 608 1375 sinat
640 1348 726 1375 esse
758 1336 825 1375 diu
858 1335 1021 1374 cultoris
1053 1333 1239 1373 inultam.

200 1394 378 1446 Iuppiter
410 1396 494 1446 his,
527 1401 681 1446 motus,
713 1396 916 1445 privignae
949 1394 1049 1432 dona
1082 1403 1311 1442 nurusque,

198 1452 445 1504 Praecipiet,
478 1453 670 1503 facietque
703 1454 807 1491 viros
839 1451 1051 1503 inpubibus
1084 1447 1236 1490 annis.'
1283 1458 1312 1484 f.
1331 1458 1415 1484 cxlii.

259 1511 362 1549 Haec
394 1510 462 1549 ubi
494 1511 661 1549 faticano
693 1512 847 1549 venturi
880 1511 1054 1561 praescia
1086 1510 1182 1548 dixit

201 1569 277 1609 Ore
310 1569 497 1620 Themis,
529 1571 633 1608 vario
667 1570 800 1620 superi
833 1581 1014 1607 sermone
1046 1566 1287 1621 fremebant,

112 1637 180 1669 420
200 1628 277 1680 Et,
310 1640 382 1667 cur
414 1639 491 1666 non
524 1628 608 1666 aliis
640 1627 775 1666 eadem
807 1627 899 1665 dare
932 1627 1032 1665 dona
1062 1627 1222 1678 liceret,

200 1687 378 1725 Murmur
410 1691 521 1726 erat.
560 1688 740 1737 queritur
772 1691 924 1724 veteres
955 1685 1162 1724 Pallantias
1195 1696 1317 1724 annos

202 1745 387 1796 Coniugis
419 1756 505 1783 esse
538 1746 627 1784 sui:
661 1745 840 1795 queritur
872 1755 1079 1782 canescere
1112 1744 1218 1782 mitis

202 1804 352 1842 Iasiona
385 1803 533 1842 Ceres:
566 1805 777 1855 repetitum
809 1801 1000 1841 Mulciber
1032 1813 1168 1841 aevum

201 1862 333 1901 Poscit
363 1861 648 1901 Erichthonio:
681 1860 872 1900 Venerem
904 1872 1060 1911 quoque
1093 1871 1187 1899 cura
1218 1860 1342 1899 futuri

114 1929 181 1960 425
202 1921 370 1972 Tangit,
403 1926 442 1959 et
472 1920 663 1959 Anchisae
696 1931 884 1958 renovare
916 1920 1129 1970 paciscitur
1161 1930 1306 1958 annos.

204 1979 274 2018 Cui
307 1979 490 2031 studeat,
522 1978 618 2018 deus
651 1979 777 2017 omnis
809 1977 955 2028 habet3
987 1978 1208 2027 crescitque
1240 1977 1372 2015 favore

203 2037 376 2076 Turbida
407 2037 577 2090 seditio,
609 2037 734 2075 donec
767 2048 836 2075 sua
867 2035 1043 2086 luppiter
1075 2047 1143 2073 ora

205 2096 354 2148 Solvit,
387 2101 426 2135 et
458 2093 524 2136 ‘ol
557 2096 681 2134 nostri
714 2096 824 2145 siqua
857 2100 918 2132 est
948 2094 1168 2132 reverentia
1180 2089 1208 2146 ,³
1240 2093 1336 2132 dixit

204 2152 304 2200 ‘Quo
337 2155 452 2192 ruitis
471 2152 493 2193 ‘2'
524 2159 725 2193 tantumne
759 2153 897 2203 aliquis
930 2151 1003 2190 sibi
1034 2163 1149 2203 posse
1182 2151 1360 2205 videtur,

115 2221 183 2252 430
204 2213 296 2251 Fata
329 2224 485 2263 quoque
516 2219 561 2252 ut
592 2209 792 2263 superet?
826 2211 914 2249 fatis
946 2210 1072 2249 Iolaus
1103 2211 1144 2248 in
1177 2222 1323 2262 annos,

205 2271 311 2316 Quos
344 2272 451 2323 egit,
482 2271 626 2310 rediit.
665 2271 753 2308 fatis
785 2271 1038 2308 iuvenescere
1071 2267 1215 2307 debent

206 2329 396 2367 Callirhoe
427 2330 578 2381 geniti,
608 2340 688 2367 non
719 2327 929 2366 ambitione
961 2339 1034 2366 nec
1061 2327 1201 2366 armis.
