1554 2563
129 121 213 162 246
363 132 533 156 caunum
684 119 897 154 METAMM
913 148 921 155 .

246 230 392 283 Tollit,
423 242 523 270 onus
554 230 747 282 plaustri.
788 230 892 281 quod
924 242 972 268 ne
1004 231 1205 281 permittat
1229 231 1269 269 in
1294 229 1471 281 hostem,

250 291 335 341 lpsa
367 290 459 328 facit
490 290 687 340 gravitas.
726 290 877 328 socium
909 300 1065 339 quoque
1098 301 1212 328 saxea
1244 288 1366 328 moles

248 348 453 400 Oppressit
484 349 608 399 spatio
641 353 809 386 stantem
840 348 1024 399 propiore
1057 346 1266 387 Cometen.

159 414 226 446 285
247 406 394 445 Gaudia
414 418 487 445 nec
507 408 652 445 retinet
670 406 870 445 Rhoetus:
896 403 984 444 “sic
1003 437 1014 458 ,
1043 418 1273 457 comprecor
1291 437 1302 459 ,

250 463 406 504 ‘Cetera
438 467 489 504 sit
520 465 633 504 sortis
666 470 886 504 castrorum
917 463 1033 503 turba
1065 470 1224 504 tuorum
1238 461 1279 504 !''

250 524 570 574 Semicremoque
603 529 718 563 novat
749 524 962 575 repetitum
994 524 1125 575 stipite
1156 523 1322 577 vulnus,

249 583 405 633 Terque
440 589 657 634 quaterque
690 584 797 633 gravi
827 584 1031 621 iuncturas
1064 583 1221 621 verticis
1252 583 1333 622 ictu

250 642 399 694 Rupit,
432 647 471 680 et
502 643 542 679 in
574 640 721 692 liquido
755 641 942 680 sederunt
974 652 1061 679 ossa
1094 640 1281 680 cerebro.

162 708 229 740 290
250 700 383 739 Victor
415 700 461 739 ad
488 699 687 751 Euagrum
717 699 1008 751 Corythumque
1034 699 1281 751 Dryantaque
1313 701 1475 753 transit,

250 759 279 797 E
313 758 457 810 quibus
488 764 533 798 ut
562 760 687 810 prima
719 763 848 797 tectus
879 758 1061 809 lanugine
1094 758 1212 797 malas

250 817 469 857 Procubuit
501 816 726 870 Corythus,
760 814 913 868 “puero
947 829 1045 868 quae
1077 817 1199 869 gloria
1231 818 1318 856 suso

250 875 366 915 Parta
397 875 469 915 tibi
502 881 562 915 est
581 872 633 915 3³³⁹
666 875 845 927 Euagrus
878 877 959 915 ait:
991 888 1064 914 nec
1096 875 1227 915 dicere
1259 875 1435 916 Rhoetus

251 935 368 974 Plura
401 935 523 987 sinit,
555 935 772 985 rutilasque
805 935 915 973 ferox
946 936 987 973 in
1019 940 1152 986 aperta
1183 935 1380 986 loquentis

165 1001 231 1033 295
254 993 438 1032 Condidit
469 1005 536 1032 ora
568 994 670 1046 viri,
700 1005 850 1045 perque
883 1005 927 1032 os
958 994 998 1032 in
1029 999 1191 1044 pectora
1210 1025 1221 1045 ,
1252 992 1447 1033 flammas.

252 1052 308 1091 Te
341 1064 529 1105 quoque,
562 1064 674 1091 saeve
707 1051 837 1104 Drya,
871 1053 1020 1091 circum
1053 1057 1171 1103 caput
1200 1053 1289 1103 igne
1321 1058 1448 1092 rotato

253 1111 510 1163 Insequitur3
542 1110 610 1149 sed
643 1123 721 1149 non
753 1111 793 1149 in
826 1119 864 1149 te
897 1123 1053 1161 quoque
1087 1112 1263 1150 constitit
1293 1111 1397 1150 idem

253 1169 422 1209 Exitus:
455 1169 632 1208 assiduae
665 1181 852 1208 successu
886 1169 1015 1207 caedis
1047 1175 1226 1208 ovantem

253 1227 337 1273 Qua
368 1229 501 1266 iuncta
533 1233 593 1266 est
624 1239 761 1266 umero
795 1228 926 1266 cervix
945 1259 956 1280 ,
988 1227 1085 1267 sude
1116 1228 1203 1278 figis
1235 1227 1396 1267 obusta.

164 1294 232 1326 300
252 1286 475 1338 Ingemuit,
508 1287 685 1337 duroque
718 1285 855 1324 sudem
887 1287 948 1324 vix
980 1298 1067 1324 osse
1099 1286 1263 1325 revulsit

252 1345 457 1397 Rhoetus,
490 1350 529 1383 et
559 1346 643 1395 ipse
676 1356 747 1383 suo
780 1344 1019 1383 madefactus
1051 1346 1240 1396 sanguine
1272 1345 1389 1396 sugit.

254 1404 368 1454 Fugit
399 1408 439 1442 et
471 1403 626 1442 Orneus
658 1402 908 1454 Lycabasque
941 1408 980 1442 et
1011 1404 1167 1442 saucius
1199 1415 1306 1442 armo

252 1462 480 1501 Dexteriore
513 1461 654 1500 Medon
687 1467 726 1500 et
757 1473 847 1500 cum
878 1461 1065 1500 Pisenore
1096 1461 1314 1514 Thaumas3

254 1520 408 1571 Quique
440 1520 585 1572 pedum
616 1532 743 1571 nuper
775 1522 988 1559 certamine
1020 1522 1166 1559 vicerat
1197 1532 1333 1559 omnes

169 1586 236 1619 305
256 1579 472 1618 Mermeros
491 1611 502 1631 ,
535 1583 696 1630 accepto
728 1584 812 1617 tum
844 1578 1005 1617 vulnere
1037 1578 1187 1618 tardius
1218 1578 1321 1618 ibat:

254 1638 305 1676 Et
335 1637 482 1676 Pholus
515 1644 554 1676 et
585 1637 784 1676 Melaneus
817 1642 856 1676 et
886 1636 988 1676 Abas
1025 1636 1233 1688 praedator
1270 1649 1478 1689 aprorum,

256 1696 411 1747 Quique
445 1697 527 1735 suis
560 1696 707 1734 frustra
737 1694 883 1734 bellum
915 1695 1182 1748 dissuaserat,
1215 1708 1339 1747 augur

254 1754 450 1794 Asbolus.
488 1754 551 1793 ille
586 1756 702 1793 etiam
734 1755 926 1793 metuenti
957 1754 1119 1793 vulnera
1144 1754 1268 1793 Nesso

255 1810 343 1852 “Ne
376 1812 496 1864 fuge!
529 1813 575 1851 ad
608 1809 838 1851 Herculeos'
877 1814 1005 1864 inquit
1037 1810 1271 1852 ‘servaberis
1309 1810 1478 1852 arcus.''

167 1880 236 1912 310
255 1872 304 1911 At
335 1883 413 1910 non
446 1871 694 1923 Eurynomus
727 1870 967 1923 Lycidasque
1007 1877 1047 1910 et
1077 1872 1200 1910 Areos
1231 1877 1270 1910 et
1302 1871 1479 1911 Imbreus

254 1930 438 1981 Effugere
471 1942 638 1969 necem:
670 1942 768 1981 quos
801 1941 936 1968 omnes
968 1929 1104 1969 dextra
1134 1929 1315 1981 Dryantis

255 1988 431 2028 Perculit
461 1988 675 2027 adversos.
714 1989 921 2027 adversum
953 1994 995 2027 tu
1028 1999 1184 2039 quoque
1203 2019 1214 2041 ,
1247 1990 1420 2039 quamvis

256 2048 382 2099 Terga
414 2047 527 2098 fugae
559 2046 723 2086 dederas
742 2078 753 2099 ,
785 2046 953 2099 vulnus,
986 2045 1158 2085 Crenaee
1177 2077 1189 2099 ,
1221 2047 1368 2086 tulisti:

256 2106 352 2145 Nam
384 2118 529 2158 grave,
561 2107 777 2157 respiciens
796 2137 807 2157 ,
838 2106 941 2144 inter
973 2104 1050 2143 duo
1082 2104 1229 2143 lumina
1261 2105 1432 2157 serrum,

169 2173 237 2203 315
259 2164 344 2210 Qua
375 2165 480 2203 naris
512 2165 633 2203 fronti
665 2165 922 2203 committitur
940 2194 951 2216 ‚
982 2164 1125 2214 accipis
1144 2195 1155 2215 ,
1187 2164 1309 2203 imae.

258 2223 301 2260 ln
335 2228 440 2261 tanto
474 2223 633 2261 fremitu
665 2224 820 2262 cunctis
853 2223 936 2261 sine
969 2221 1045 2260 fine
1077 2221 1228 2260 iacebat

259 2281 417 2331 Sopitus
449 2282 557 2320 venis
590 2286 629 2320 et
659 2282 958 2332 inexperrectus
989 2279 1181 2332 Aphidas,

256 2337 552 2390 Languentique
584 2351 701 2378 manu
734 2338 933 2378 carchesia
965 2339 1084 2377 mixta
1115 2338 1296 2385 tenebat.

1304 402 1318 420 '
1347 408 1474 457 inquit
