1554 2563
1255 131 1372 167 XXXI

150 238 255 279 LIB.
286 237 325 279 X
369 255 405 280 v.
438 238 493 280 58
543 251 795 281 PRENDERE
829 250 1015 281 CERTUS.
1065 245 1237 293 captans,
1269 243 1372 292 quod

33 300 95 339 edi
127 301 246 350 solet,
284 313 372 338 cum
409 301 603 340 infinitivo
641 313 721 340 non
750 301 910 341 videtur
941 302 1128 351 egregiae
1159 301 1373 340 latinitatis

33 360 74 397 et
110 359 304 397 librorum
342 360 404 398 est
434 360 778 409 interpolatorum.
840 362 989 399 certans
1019 360 1077 410 M,
1115 360 1218 398 unde
1251 361 1373 411 effeci,

34 417 139 467 quod
169 420 326 456 mutata
350 418 494 457 leviter
512 419 840 468 interpunctione,
871 418 897 456 J
902 419 1018 457 ahm'o
1050 421 1277 469 praeeunte,
1309 420 1372 458 vel

32 476 205 515 Dantem
234 489 313 515 non
344 476 562 515 dedeceret.
624 480 756 527 certas,
788 480 934 516 certant
963 478 1127 516 confusa
1158 478 1278 516 etiam
1310 487 1373 516 xv

34 536 131 573 647.
279 531 336 573 94
381 543 672 583 cmRA'rAQUE
718 543 983 575 GLANDIBUS
1029 544 1153 574 1L13x.
1216 537 1373 575 arboris

32 594 116 632 eius
142 593 307 632 Italicae
333 595 524 644 graphica
555 596 617 632 est
647 595 792 644 imago.
846 598 1076 642 curvataque
1106 595 1200 633 libri
1226 607 1373 645 omnes,

32 653 78 703 E,
110 654 155 691 ut
180 652 328 702 notavi,
360 653 566 691 obscurius
593 653 795 702 scriptum.
846 654 1004 691 obelum
1030 654 1124 691 olim
1149 666 1372 702 posueram.

153 708 236 749 115
268 719 521 758 PARILIQUE
554 719 736 749 AETATE
768 720 1015 750 NITEBANT.
1066 713 1154 761 ipsa
1185 712 1282 751 haec
1314 715 1373 751 est

34 769 109 807 ME
142 770 378 820 auctoritas3
415 773 575 820 neuter,
608 773 801 819 quantum
830 771 985 820 notavi,
1017 782 1062 809 ex
1093 773 1225 809 aetate.
1287 783 1374 809 eam

33 828 220 866 dederam
263 829 347 867 sine
392 829 524 879 obelo,
568 829 673 878 quod
715 830 757 867 in
792 830 914 868 bullis
958 830 1138 868 consules
1181 830 1374 878 perscribi

34 887 172 926 solitos
211 887 413 936 opinabar.
462 899 541 926 non
577 888 659 926 vidi
697 888 920 937 exemplum
957 890 1027 926 aut
1063 888 1221 927 invenio
1261 889 1374 927 testi-

32 946 219 984 monium.
269 946 338 985 sed
368 948 503 985 tamen
533 946 811 995 inscriptiones
844 947 928 985 eius
960 946 1066 985 modi
1092 949 1375 985 commemorat

33 1004 185 1043 Plinius
217 1004 266 1042 N.
292 1005 330 1043 h.
354 1013 441 1044 VIII
463 1007 565 1044 119:
602 1007 683 1043 vita
714 1007 834 1044 cervis
863 1007 906 1044 in
938 1006 1106 1053 confesso
1137 1006 1261 1055 Zonya,
1287 1009 1376 1053 post

33 1066 180 1102 centum
223 1075 344 1102 annos
381 1075 418 1103 a.
443 1064 672 1111 quibusdam
715 1065 836 1112 captis
872 1075 957 1102 cum
1001 1065 1196 1112 torquibus
1233 1076 1302 1102 am
1311 1066 1375 1114 eis,

33 1133 125 1169 quos
155 1120 377 1160 Alexander
407 1123 582 1171 Maynus
617 1123 837 1172 addiderat,
877 1123 1069 1171 adopertis
1104 1124 1184 1161 iam
1223 1126 1304 1161 cute
1333 1124 1375 1161 in

32 1192 178 1229 magna
209 1182 394 1220 obesitate.
521 1177 602 1219 133
634 1189 693 1219 A'r
724 1189 954 1220 UTILITER.
1008 1181 1067 1220 ita
1099 1181 1239 1230 scripsi
1272 1181 1375 1231 quod

34 1240 75 1278 in
99 1239 141 1277 M
166 1240 218 1278 ad
241 1240 340 1278 Inmc
364 1240 504 1290 leviter,
529 1240 571 1277 in
596 1240 760 1289 reliquis
793 1243 826 1278 et
848 1240 893 1278 ut
917 1241 1046 1278 leviter
1076 1240 1271 1278 traditum
1303 1242 1374 1278 est.

33 1301 77 1337 ut
105 1298 146 1336 in
178 1298 393 1348 archetypo
425 1298 550 1336 fuisse
582 1299 837 1348 crediderim,
875 1299 980 1348 quod
1011 1311 1034 1336 a
1067 1299 1196 1337 scriba
1227 1299 1267 1336 M
1298 1311 1376 1337 non

33 1357 259 1406 putaverim
278 1357 540 1406 depravatum
567 1357 608 1395 in
638 1358 749 1407 hunc,
782 1369 1022 1407 quamquam
1047 1358 1144 1395 alibi
1169 1357 1274 1407 fecit,
1308 1357 1375 1395 sed

35 1416 243 1465 expulsum
273 1418 435 1465 recepta
465 1416 613 1466 glossa,
645 1428 764 1465 quam
790 1416 1103 1455 accommodavit
1128 1415 1376 1454 antecedenti

35 1475 104 1524 ad,
141 1474 246 1524 quod
284 1475 378 1512 olim
415 1475 493 1513 fuit
529 1477 579 1513 at.
631 1478 664 1513 et
699 1478 741 1513 ut
776 1475 945 1513 iterasse
976 1477 1135 1524 poetam
1166 1477 1258 1523 post
1293 1476 1372 1513 131

34 1534 100 1572 vix
135 1533 340 1583 credibile,
376 1536 419 1571 ut
453 1534 584 1582 ipsum
615 1533 858 1572 commodius
897 1534 1028 1572 abest:
1065 1535 1220 1582 partem
1252 1533 1376 1572 fuisse

35 1592 119 1631 eius
162 1591 347 1631 vocabuli
390 1593 585 1641 suspicor,
637 1592 741 1641 quod
790 1592 961 1630 restitui.
1024 1603 1161 1630 sanam
1203 1593 1376 1630 mentem

38 1650 236 1700 significat
272 1650 379 1700 apud
416 1649 529 1690 Ovid.
561 1650 655 1688 Her.
688 1659 722 1688 11
746 1652 847 1699 129,
885 1662 1055 1700 aequum
1090 1650 1239 1688 bonum
1271 1651 1377 1700 apud

34 1709 153 1748 Ictos.
203 1710 343 1759 leviter,
375 1709 480 1759 quod
506 1709 556 1747 ad
581 1721 741 1748 versum
773 1709 1009 1758 explendum
1039 1709 1104 1747 vel
1134 1709 1220 1757 ipse
1247 1709 1377 1747 scriba

35 1768 76 1806 M
102 1768 344 1806 comminisci
368 1768 512 1818 potuit,
545 1768 724 1817 quamvis
752 1768 991 1818 respondeat
1013 1769 1174 1816 pravius
1205 1776 1257 1805 ΙΙΙ
1280 1769 1375 1815 334,

37 1827 174 1865 durius
209 1829 271 1865 est
301 1827 375 1865 hoc
404 1827 489 1865 loco
522 1829 563 1865 et
593 1826 781 1865 rusticius
818 1838 936 1876 quam
966 1839 1038 1875 pro
1069 1828 1199 1876 poeta.
1261 1829 1302 1864 at
1331 1839 1377 1864 ex

35 1885 162 1934 ipsius
207 1885 270 1924 dei
313 1885 505 1924 orationis
547 1885 798 1934 impatientia
838 1885 1091 1934 desumptum
1134 1885 1377 1935 putabimus,

35 1945 146 1982 velut
176 1946 238 1983 est
267 1951 284 1982 Ι
307 1945 388 1983 678
433 1952 482 1982 1v
503 1945 585 1982 654
630 1952 716 1982 vm
737 1945 819 1982 279
865 1952 896 1981 x
917 1944 998 1982 351
1041 1944 1121 1981 631
1158 1945 1241 1981 724
1290 1952 1377 1982 xm

37 2003 134 2041 808.
287 1999 371 2041 184
413 2010 706 2041 REPEncusso
750 2009 959 2041 summm*
1000 2010 1225 2040 VERBERE.
1288 2002 1377 2040 dedi

36 2064 81 2099 ut
105 2061 353 2110 probabilius
379 2061 480 2100 aliis.
529 2062 685 2100 subiecit
707 2061 836 2100 inhere
860 2073 950 2099 cum
980 2072 1121 2098 rasura
1150 2062 1376 2109 postremae

37 2119 216 2169 syllabae
246 2120 305 2169 M,
335 2121 378 2158 in
407 2131 513 2169 aere,
545 2120 593 2158 ab
625 2131 728 2170 aere,
758 2121 801 2157 in
833 2131 927 2158 aera
956 2119 1200 2167 interpolati.

36 2174 122 2216 225
166 2178 397 2217 INGLUVOE
442 2186 673 2217 scELEms.
728 2178 956 2226 Inluyabris
985 2178 1136 2216 sceleris
1166 2177 1218 2216 M.
1273 2178 1375 2216 Hla-

35 2237 167 2284 qubris
202 2238 353 2275 sceleris
389 2236 434 2274 E.
484 2237 754 2286 transpositae
791 2237 1044 2285 potissimum
1075 2236 1177 2274 duae
1215 2236 1376 2274 litterae

36 2295 158 2333 fuisse
189 2295 385 2334 videntur.
447 2307 492 2334 ac
521 2295 771 2345 praestiterit
800 2295 984 2334 fortassis
1016 2295 1270 2333 INGLUVIES
1302 2306 1377 2333 see-

37 2353 144 2404 leris,
180 2355 227 2392 ut
256 2356 318 2392 est
349 2362 399 2392 XI
421 2355 503 2392 206
528 2355 722 2402 perfidiae
753 2354 964 2405 cumulum,
995 2355 1175 2402 periuria
1206 2357 1287 2391 XIV
1308 2354 1375 2391 52.
