1554 2563
97 107 154 148 64
315 119 488 141 Timauum
647 105 876 145 METAMM,

215 217 300 264 Quo
333 218 460 256 merui
490 228 656 268 poenam
688 216 789 255 racto
809 212 831 254 *Ρ
863 228 960 267 quae
993 215 1114 268 gloria
1146 224 1274 257 vestra
1306 224 1391 270 est„

127 284 193 316 655
215 276 257 315 Si
288 287 457 327 puerum
488 276 649 314 iuvenes
668 305 679 327 ,
711 275 744 313 si
775 273 887 314 multi
919 274 1051 314 fallitis
1083 288 1206 315 unum
1219 273 1272 315 ⁸?'’

213 333 430 373 Iandudum
462 332 630 372 flebam.
667 332 846 372 lacrimas
879 345 1016 373 manus
1048 335 1153 385 inpia
1185 340 1339 374 nostras

214 393 330 432 Ridet
361 398 401 432 et
430 391 583 444 inpellit
612 391 915 444 properantibus
947 404 1117 444 aequora
1148 395 1288 432 remis.

214 451 290 490 Per
322 450 393 490 tibi
423 463 529 490 nunc
559 451 718 503 ipsum,
746 465 822 492 nee
855 452 959 489 enim
990 453 1236 502 praesentior
1266 451 1330 491 illo

214 510 285 550 Est
316 509 413 549 deus
431 540 443 562 ,
474 509 611 548 adiuro
630 541 641 561 ,
672 515 750 548 tam
781 520 843 548 me
876 508 946 548 tibi
977 521 1068 548 vera
1099 511 1273 562 referre,

127 578 193 610 660
214 569 339 616 Quam
370 569 453 607 veri
484 569 630 607 maiora
662 567 765 607 fide.
806 569 916 607 stetit
947 579 1117 619 aequore
1149 571 1290 621 puppis

215 628 326 667 Haud
358 627 499 679 aliter,
531 638 646 678 quam
679 628 712 665 si
743 627 891 665 siccum
923 627 1055 666 navale
1087 633 1263 667 teneret.

215 686 273 726 Illi
305 685 548 725 admirantes.
573 697 772 724 remorum
803 686 843 724 in
875 684 1039 724 verbere
1069 692 1273 739 perstant,

214 744 384 796 Velaque
416 744 645 797 deducunt,
676 745 909 795 geminaque
941 755 1014 795 ope
1040 756 1203 784 currere
1224 751 1432 797 temptam*

214 803 437 856 Impediunt
466 802 635 842 hederae
667 814 797 842 remos
815 833 827 855 ,
858 814 1041 853 nexuque
1072 815 1238 843 recurvo

127 871 194 903 665
217 863 391 914 Serpunt
422 866 461 900 et
491 861 660 912 gravidis
691 860 940 912 distinguunt
970 861 1052 900 vela
1083 861 1301 914 corymbis.

214 922 301 973 Ipse
333 920 574 960 racemiferis
606 921 776 959 frontem
808 919 1073 959 circumdatus
1105 922 1190 960 uvis

215 980 436 1031 Pampineis
468 981 586 1030 agitat
616 978 780 1017 velatam
811 978 1017 1018 frondibus
1049 979 1220 1019 hastam.

216 1039 342 1084 Quem
374 1040 478 1077 circa
510 1039 631 1088 tigres
663 1037 949 1088 simulacraque
980 1039 1109 1077 inania
1140 1037 1296 1089 lyncum

213 1098 490 1148 Pictarumque
522 1098 650 1135 iacent
681 1096 763 1135 fera
795 1108 959 1147 corpora
990 1096 1292 1148 pantherarum.

127 1165 194 1196 670
215 1156 398 1195 Exiluere
429 1156 532 1207 viri,
564 1156 644 1193 sive
676 1154 750 1193 hoc
781 1156 931 1193 insania
962 1155 1078 1207 fecit,
1271 1165 1299 1190 f.
1320 1164 1419 1190 xxxffi

215 1215 304 1254 Sive
336 1216 481 1253 timor.
519 1215 748 1265 primusque
780 1213 921 1252 Medon
952 1215 1178 1264 nigrescere
1210 1216 1339 1266 coepit

216 1273 412 1325 Corpore,
444 1278 484 1311 et
515 1284 701 1323 expresso
733 1273 867 1323 spinae
895 1274 1119 1311 curvamine
1145 1273 1272 1312 flecti.

214 1332 356 1383 Incipit
386 1331 477 1370 huic
509 1330 710 1382 Lycabas:
743 1327 814 1369 “in
847 1342 946 1381 quae
979 1328 1180 1370 miracula'
1213 1331 1310 1371 dixit
1338 1367 1343 1372 .

215 1388 404 1429 ‘Verteris
422 1386 474 1428 ‘?''
508 1394 548 1428 et
578 1388 644 1428 lati
675 1389 799 1428 rictus
831 1394 871 1428 et
900 1389 1025 1440 panda
1056 1389 1232 1440 loquenti

126 1456 192 1488 675
213 1448 326 1488 Naris
359 1453 470 1499 erat,
503 1459 741 1498 sannamque
773 1449 875 1487 cutis
907 1447 1044 1486 durata
1075 1448 1277 1487 trahebat.

213 1508 262 1547 At
291 1506 408 1557 Libys
439 1505 640 1545 abstentos
672 1505 765 1545 dum
797 1505 880 1545 vult
909 1505 1115 1545 obvertere
1147 1519 1301 1560 remos,

215 1566 259 1605 ln
291 1567 459 1617 spatium
490 1564 643 1604 resilire
675 1576 815 1604 manus
847 1564 965 1604 breve
998 1564 1121 1617 vidit,
1153 1570 1193 1605 et
1222 1565 1307 1605 illas

214 1624 294 1663 Iam
326 1636 404 1663 non
437 1635 523 1662 esse
556 1635 694 1662 manus
713 1654 725 1676 ‚
756 1625 832 1662 iam
862 1624 1002 1675 pinnas
1032 1635 1149 1675 posse
1181 1625 1330 1663 vocari.

213 1683 321 1722 Alter
353 1682 399 1721 ad
431 1683 600 1722 intortos
631 1683 794 1733 cupiens
828 1681 919 1721 dare
951 1681 1132 1721 bracchia
1164 1683 1277 1722 funes

126 1750 193 1781 680
213 1741 399 1780 Bracchia
431 1752 509 1779 non
541 1739 677 1779 habuit
694 1771 705 1792 ‚
736 1746 956 1791 truncoque
989 1741 1185 1792 repandus
1216 1742 1256 1780 in
1290 1741 1412 1781 undas

214 1799 387 1850 Corpore
419 1798 606 1837 desiluit:
638 1797 774 1837 falcata
806 1799 1014 1838 novissima
1046 1799 1168 1839 cauda
1200 1806 1282 1851 est,

214 1858 349 1904 Qualia
380 1857 560 1896 dimidiae
592 1858 799 1895 sinuantur
831 1868 978 1896 cornua
1008 1857 1146 1898 lunae.

215 1916 394 1967 Undique
426 1916 519 1954 dant.
549 1915 700 1966 saltus,
733 1915 932 1966 multaque
964 1917 1169 1967 aspergine
1202 1923 1359 1968 rorant,

214 1975 509 2025 Emerguntque
529 1975 673 2013 iterum
692 2005 703 2025 ,
728 1973 973 2025 redeuntque
993 1973 1066 2013 sub
1087 1987 1255 2026 aequora
1276 1987 1435 2026 rursus,

126 2041 192 2073 685
214 2033 335 2084 Inque
369 2033 478 2071 chori
509 2032 649 2071 ludunt
680 2033 851 2083 speciem
870 2064 880 2084 ,
911 2032 1131 2084 lascivaque
1162 2034 1306 2072 iactant

215 2091 387 2143 Corpora
421 2096 459 2130 et
491 2096 695 2142 acceptum
725 2090 867 2141 patulis
900 2101 1006 2129 mare
1040 2091 1200 2130 naribus
1233 2091 1386 2130 osssant.

214 2150 268 2188 De
300 2149 415 2188 modo
448 2150 613 2202 viginti,
645 2154 702 2188 tot
733 2150 837 2187 enim
869 2150 963 2188 ratis
995 2149 1059 2188 illa
1091 2149 1264 2202 ferebat,

213 2207 421 2247 Restabam
453 2207 560 2247 solus
579 2238 588 2248 .
625 2207 806 2259 pavidum
838 2207 1087 2258 gelidumque
1121 2209 1305 2247 trementi

214 2266 387 2317 Corpore
420 2267 560 2317 vixque
593 2278 723 2305 meum
755 2267 882 2304 firmat
914 2265 1009 2305 deus
1043 2263 1230 2306 “excute'
1262 2266 1396 2305 dicens

126 2332 193 2363 690
215 2320 356 2362 ‘Corde
390 2330 537 2363 metum
557 2356 566 2372 ‚
599 2324 786 2374 Diamque
813 2330 902 2364 tene
923 2320 964 2363 .”
1002 2323 1154 2364 delatus
1184 2326 1224 2363 in
1255 2324 1356 2363 illam
