1554 2563
156 128 235 170 166
380 141 573 163 mumanae
704 127 920 163 METAMM
933 155 942 163 .

268 238 379 284 Quod
411 239 513 290 gerit
544 237 607 276 illa
625 269 636 289 ,
668 237 794 277 doce:
825 250 1060 289 quamquam
1091 249 1170 277 non
1195 249 1272 277 una
1296 237 1451 278 videtur
1464 235 1487 278 .’

266 297 401 335 Amnis
424 295 478 335 -ad
499 296 594 335 haec
627 293 720 335 ‘non
741 293 815 336 est'
840 298 969 348 inquit
1000 294 1119 348 ‘quod
1140 298 1325 350 cernitis,
1344 309 1487 336 unum.

267 355 450 406 Quinque
482 356 612 394 iacent
642 360 800 395 terrae:
832 357 1001 406 spatium
1033 355 1259 394 discrimina
1290 354 1407 395 fallit.

267 413 432 464 Quoque
464 415 594 453 minus
626 419 781 465 spretae
814 414 959 453 sactum
989 415 1134 453 mirere
1167 413 1332 467 Dianae,

179 480 246 512 580
266 471 408 511 Naides
439 472 511 511 hae
544 473 728 525 fuerant,
760 484 859 524 quae
891 485 982 512 cum
1013 472 1073 512 bis
1105 474 1278 524 quinque
1328 481 1356 508 ί.
1379 482 1486 508 cxxix-

1207 533 1391 571 iuvencos

265 589 503 629 Mactassent
534 592 719 642 rurisque
752 590 846 630 deos
878 590 925 629 ad
957 602 1067 629 sacra
1097 596 1303 630 vocassent
1313 622 1326 644 ,

265 648 508 688 Inmemores
539 651 664 688 nostri
696 650 815 688 festas
847 648 994 688 duxere
1027 649 1214 688 choreas.

265 707 439 747 Intumui
457 739 468 760 ,
494 713 742 759 quantusque
774 708 881 747 feror
898 739 910 761 ‚
941 720 1031 747 cum
1062 707 1255 759 plurimus
1281 719 1488 760 umquam¹

268 766 417 805 Tantus
450 778 586 819 eram,
617 768 844 818 pariterque
878 768 1017 806 animis
1048 768 1215 805 inmanis
1248 772 1286 806 et
1316 766 1432 806 undis

178 832 245 863 585
266 825 295 863 A
328 825 435 864 silvis
468 825 583 864 silvas
616 831 655 865 et
686 825 733 864 ab
766 826 867 864 arvis
900 837 991 864 arva
1021 824 1191 877 revulsi,

265 883 442 935 Cumque
474 883 559 923 loco
580 884 768 936 nymphas
787 916 798 936 ,
830 895 1024 923 memores
1050 889 1134 922 tum
1154 883 1322 935 denique
1342 886 1488 936 nostri,

265 942 309 981 ln
340 943 440 981 freta
471 942 674 994 provolvi.
712 943 855 982 fluctus
887 948 1101 994 nosterque
1133 944 1331 993 marisque

266 1001 499 1040 Continuam
532 1001 685 1041 diduxit
715 1001 879 1041 humum
898 1033 909 1054 ,
939 1007 1152 1053 partesque
1183 1001 1344 1040 resolvit

264 1059 308 1098 In
340 1060 503 1099 totidem
524 1092 534 1112 ,
567 1059 706 1099 mediis
738 1065 835 1112 quot
866 1061 997 1099 cernis
1029 1059 1248 1099 Echinadas
1278 1059 1417 1099 undis.

177 1125 246 1158 590
265 1117 316 1157 Ut
341 1123 471 1157 tamen
504 1120 586 1170 ipse
619 1119 726 1158 vides
745 1151 755 1171 ‚
787 1118 925 1170 procul
956 1131 1005 1158 en
1037 1118 1176 1170 procul
1211 1130 1289 1157 una
1325 1119 1488 1159 recessit

266 1177 396 1216 Insula
416 1208 426 1228 ,
458 1183 567 1228 grata
599 1177 723 1229 mihi;
755 1177 975 1216 Perimelen
1007 1178 1134 1216 navita
1166 1176 1282 1216 dicit.

264 1235 364 1274 Huic
397 1247 468 1286 ego
500 1237 720 1286 virgineum
751 1235 915 1275 dilectae
947 1247 1091 1274 nomen
1122 1235 1270 1275 ademi.

266 1294 378 1340 Quod
400 1298 512 1345 pater
531 1293 793 1345 Hippodamas
813 1306 928 1345 aegre
960 1294 1049 1333 tulit
1067 1325 1078 1346 ‚
1109 1295 1228 1345 inque
1248 1294 1486 1345 profundum

264 1352 444 1404 Propulit
475 1365 496 1391 e
529 1352 690 1404 scopulo
721 1354 920 1404 periturae
953 1364 1119 1404 corpora
1144 1358 1275 1392 natae.

264 1410 441 1463 Excepi,
472 1416 710 1462 nantemque
742 1412 873 1450 ferens
906 1408 960 1449 “o
992 1412 1167 1462 proxima
1199 1411 1335 1450 mundi

177 1478 243 1509 596
264 1469 398 1520 Regna
429 1467 561 1521 vagae'
594 1470 673 1509 dixi
705 1466 857 1509 ‘sortite
889 1469 1112 1509 tridentifer
1142 1469 1294 1522 undae,

176 1536 241 1568 601
264 1528 383 1568 Adfer
414 1540 529 1580 opem
547 1560 558 1580 ,
590 1540 820 1580 mersaeque
839 1560 850 1581 ,
881 1540 1022 1581 precor
1041 1560 1052 1581 ,
1082 1529 1237 1568 feritate
1268 1534 1429 1580 paterna

264 1587 318 1626 Da
336 1619 347 1639 ,
378 1586 559 1639 Neptune
578 1619 589 1639 ‚
621 1587 781 1640 locum3
812 1587 872 1627 vel
904 1588 955 1626 sit
984 1586 1094 1627 locus
1125 1588 1238 1640 ipsa,
1270 1584 1457 1627 licebit.''

176 1653 242 1685 609
264 1645 364 1685 Dum
394 1645 536 1697 loquor
554 1677 566 1699 ,
597 1646 772 1698 amplexa
804 1651 865 1685 est
895 1651 1004 1685 artus
1036 1657 1134 1685 nova
1171 1651 1277 1685 terra
1308 1651 1487 1685 natantes

176 1712 244 1743 610
266 1704 314 1743 Et
344 1705 472 1756 gravis
503 1705 671 1743 increvit
701 1705 860 1743 mutatis
891 1704 1019 1744 insula
1049 1701 1275 1744 membris.'
1337 1713 1366 1739 1.
1387 1720 1485 1739 cxxx·

322 1763 456 1801 Amnis
488 1762 535 1802 ab
567 1763 628 1802 his
659 1764 810 1803 tacuit.
849 1763 994 1802 factum
1025 1762 1202 1802 mirabile
1235 1768 1398 1802 cunctos

266 1821 439 1860 Moverat
457 1852 465 1860 .
504 1821 645 1861 irridet
675 1821 883 1861 credentes
902 1853 913 1874 ‚
944 1827 1067 1872 utque
1099 1821 1264 1861 deorum

264 1879 429 1931 Spretor
461 1885 545 1919 erat
576 1881 798 1931 mentisque
830 1881 941 1919 ferox
971 1880 1105 1919 Ixione
1137 1885 1276 1932 natus,

264 1935 388 1977 ‘Ficta
424 1939 550 1978 refers
569 1970 580 1991 ,
618 1940 862 1990 nimiumque
900 1944 1015 1990 putas
1033 1970 1045 1991 ‚
1076 1938 1244 1978 Acheloe
1263 1970 1275 1991 ‚
1305 1944 1485 1990 potentes

175 2004 242 2035 515
263 1996 360 2036 Esse
394 1996 488 2036 deos
507 1994 533 2049 ,⁹
566 1997 664 2036 dixit
695 1994 743 2036 ‘si
774 1998 868 2037 dant
898 1997 1153 2048 adimuntque
1185 1997 1329 2048 figuras
1343 1994 1368 2036 .’

262 2054 499 2107 Obstipuere
532 2067 668 2095 omnes
686 2087 698 2109 ,
729 2068 803 2095 nec
833 2055 922 2096 talia
953 2055 1055 2094 dicta
1086 2055 1327 2108 probarunt3

261 2115 360 2153 Ante
393 2126 609 2165 omnesque
641 2113 788 2167 Lelex,
820 2115 948 2153 animo
981 2119 1160 2153 maturus
1190 2119 1232 2153 et
1261 2126 1380 2167 aevo,

263 2171 328 2211 Sic
359 2174 442 2212 ait:
475 2170 667 2211 ‘inmensa
699 2178 760 2212 est
790 2173 986 2224 finemque
1018 2173 1192 2223 potentia
1225 2172 1321 2212 caeli

261 2230 347 2269 Non
367 2230 485 2270 habet
503 2262 514 2284 ‚
546 2237 585 2270 et
605 2231 792 2283 quicquid
813 2232 947 2282 superi
966 2230 1124 2270 voluere
1143 2262 1155 2283 ,
1179 2237 1383 2282 peractum
1402 2237 1483 2271 est.

173 2296 241 2328 620
262 2288 427 2339 Quoque
460 2291 590 2329 minus
621 2289 807 2343 dubites,
838 2289 942 2328 tiliae
975 2291 1218 2328 contermina
1250 2302 1420 2341 quercus

261 2346 433 2386 Collibus
465 2354 526 2387 est
556 2347 765 2400 Phrygiis,
796 2347 948 2386 modico
982 2348 1221 2387 circumdata
1253 2360 1391 2389 muro:
