1554 2563
303 130 435 152 LYCAON
632 114 846 150 METAMM
861 145 868 151 .

204 226 354 267 Celsior
385 228 468 278 ipse
501 226 586 265 loco
619 231 855 278 sceptroque
886 227 1043 264 innixus
1070 225 1219 264 eburno

204 285 432 325 Terrificam
464 286 602 336 capitis
634 286 834 324 concussit
863 290 1003 336 terque
1036 289 1250 335 quaterque

120 353 186 384 180
207 343 427 383 Caesariem
445 376 456 396 ‚
489 355 578 382 cum
611 355 686 395 qua
717 349 863 382 terram
894 355 1000 382 mare
1033 342 1159 381 sidera
1191 343 1332 381 movit.

204 402 364 442 Talibus
395 402 485 441 inde
518 402 643 440 modis
675 414 742 440 ora
774 402 1013 452 indignantia
1045 401 1181 440 solvit:

212 458 313 500 ‘Non
344 473 416 512 ego
447 473 519 512 pro
552 460 687 500 mundi
718 473 840 511 regno
874 462 995 512 magis
1027 461 1164 499 anxius
1190 459 1252 498 illa

205 518 454 572 Tempestate
487 520 542 559 sui
559 551 570 572 ‚
606 532 681 570 qua
713 525 870 558 centum
904 521 1068 570 quisq-ue
1100 517 1260 570 parabat

209 578 360 617 inicere
393 578 656 629 anguipedum
687 580 838 628 captivo
870 577 1051 617 bracchia
1084 577 1213 616 caelo.

122 645 187 676 185
208 637 306 676 Nam
338 649 573 689 quamquam
593 637 701 676 serus
721 636 846 676 hostis
874 642 958 676 erat
974 668 985 690 ‚
1017 642 1147 675 tamen
1168 635 1262 674 illud
1284 635 1330 674 ab
1351 647 1427 674 uno

209 695 383 747 Corpore
415 701 455 735 et
486 708 533 734 ex
564 707 641 735 una
672 695 866 747 pendebat
897 696 1046 747 origine
1079 694 1247 733 bellum.

205 754 319 793 Nunc
351 753 447 793 mihi
478 766 553 806 qua
584 760 712 793 totum
743 754 895 793 Nereus
928 756 1192 793 circumsonat
1223 752 1381 806 orbem,

206 812 457 852 Perdendum
488 818 549 852 est
579 813 741 852 mortale
773 825 925 864 genus.
962 825 1033 864 per
1064 813 1224 851 flumina
1254 813 1341 851 iuro

209 872 338 911 Infera
370 871 443 911 sub
476 877 581 910 terra
608 871 740 922 Stygio
772 871 941 911 labentia
972 871 1084 924 luco,

122 939 188 970 190
210 931 359 974 Cuncta
389 932 500 982 prius
533 936 719 982 temptata
738 961 747 969 .
786 930 853 969 sed
886 929 1157 969 inmedicabile
1189 941 1284 969 cura

208 989 313 1028 Ense
345 989 602 1028 recidendum
633 994 722 1042 est,
753 1001 802 1028 ne
833 1001 924 1041 pars
956 990 1108 1028 sincera
1140 988 1340 1028 trahatur.

209 1048 310 1087 Sunt
340 1048 436 1086 mihi
462 1047 654 1100 semidei,
687 1053 780 1087 sunt
810 1049 957 1087 rustica
989 1049 1177 1101 numina,
1209 1047 1400 1100 nymphae

208 1106 410 1157 Faunique
444 1109 642 1158 satyrique
675 1112 714 1146 et
744 1106 976 1145 monticolae
1010 1106 1178 1146 Silvani:

210 1165 317 1211 Quos
349 1166 533 1216 quoniam
565 1165 661 1204 caeli
691 1165 865 1204 nondum
896 1165 1102 1216 dignamur
1133 1165 1306 1217 honore,

123 1231 188 1263 195
210 1223 315 1270 Quas
346 1223 525 1263 dedimus
545 1255 556 1276 ,
588 1229 695 1262 certe
728 1229 853 1263 terras
885 1223 1060 1263 habitare
1093 1225 1287 1264 sinamus,

208 1283 267 1321 An
299 1283 393 1321 satis
418 1314 428 1335 ‚
460 1295 482 1321 o
515 1284 677 1335 superi,
709 1287 815 1322 tutos
847 1283 932 1322 fore
964 1282 1125 1322 creditis
1155 1282 1265 1335 illos,

210 1340 309 1380 Cum
339 1340 463 1393 mihi,
495 1343 563 1392 qui
595 1341 741 1380 fulmen
759 1373 770 1394 ‚
803 1343 870 1392 qui
901 1353 969 1380 vos
999 1340 1203 1392 habeoque
1234 1352 1430 1395 regoque‚

209 1399 408 1438 Struxerit
438 1400 599 1438 insidias
631 1406 747 1439 notus
779 1400 932 1439 feritate
965 1399 1117 1451 Lycaon
1132 1396 1168 1438 ’θ’

210 1457 492 1496 Confremuere
519 1470 654 1497 omnes
673 1480 697 1511 ,›
716 1458 935 1510 studiisque
968 1458 1195 1498 ardentibus
1227 1470 1365 1497 ausum

121 1524 189 1556 200
208 1516 315 1555 Talia
346 1516 592 1567 deposcunt.
631 1519 687 1556 sic
705 1548 716 1569 ,
749 1529 838 1556 cum
870 1529 1007 1556 manus
1037 1519 1155 1568 impia
1186 1518 1308 1556 saevit

210 1574 407 1625 Sanguine
440 1574 629 1614 Caesareo
662 1575 881 1615 Romanum
913 1577 1142 1627 extinguere
1173 1587 1341 1629 nomen,

209 1634 431 1672 Attonitum
463 1639 570 1673 tanto
603 1634 754 1673 subitae
785 1640 939 1674 terrore
971 1637 1106 1674 ruinae

208 1692 432 1731 Humanum
462 1705 587 1744 genus
619 1698 679 1732 est
710 1698 895 1744 totusque
926 1693 1154 1745 perhorruit
1184 1693 1314 1732 orbis.

209 1750 290 1789 Nec
322 1750 393 1789 tibi
425 1757 533 1802 grata
566 1753 696 1791 minus
733 1754 857 1803 pietas
875 1783 887 1805 ,
918 1752 1092 1803 Auguste
1111 1783 1123 1805 ,
1153 1757 1313 1791 tuorum
1347 1756 1429 1805 est,

120 1817 188 1848 205
210 1808 335 1855 Quam
361 1809 435 1848 suit
465 1810 528 1849 illa
560 1810 667 1850 Iovi.
707 1812 773 1862 qui
803 1815 1011 1862 postquam
1041 1822 1136 1849 voce
1168 1821 1364 1862 manuque

207 1867 409 1907 Murmura
440 1870 702 1921 compressit,
732 1874 895 1908 tenuere
927 1868 1081 1908 silentia
1113 1870 1269 1908 cuncti:

209 1925 414 1976 [Substitit
446 1934 490 1966 ut
520 1928 666 1966 clamor
683 1959 695 1980 ‚
726 1939 887 1979 pressus
918 1929 1106 1978 gravitate
1139 1928 1335 1980 regentis,

207 1984 383 2036 Iuppiter
415 1986 488 2024 hoc
513 1988 657 2025 iterum
690 1998 870 2025 sermone
903 1986 1055 2025 silentia
1087 1987 1193 2037 rupit
1206 1984 1234 2036 t]

209 2040 292 2082 ζ11113
333 2044 489 2095 quidem
526 2057 701 2097 poenas,
740 2056 874 2084 curam
910 2044 1010 2083 hanc
1048 2044 1261 2097 dimittite,
1293 2043 1428 2084 solvit.

119 2110 188 2142 210
209 2102 322 2148 Quod
361 2109 490 2142 tamen
528 2103 770 2155 admissum,
802 2114 901 2154 quae
940 2104 992 2141 sit
1028 2103 1197 2142 vindicta
1216 2134 1228 2155 ,
1259 2101 1428 2143 docebo.

207 2160 434 2211 Contigerat
466 2168 619 2201 nostras
651 2163 808 2201 infamia
840 2162 1029 2213 temporis
1061 2173 1200 2200 aures:

209 2219 333 2266 Quam
366 2222 528 2271 cupiens
549 2221 683 2259 falsam
702 2252 712 2272 ‚
743 2231 895 2259 summo
927 2219 1086 2258 delabor
1118 2219 1281 2271 Olympo

206 2277 256 2316 Et
287 2277 383 2317 deus
415 2279 584 2318 humana
614 2279 740 2318 lustro
773 2277 845 2317 sub
877 2279 1045 2329 imagine
1077 2283 1228 2317 terras.

206 2335 339 2389 Longa
358 2348 466 2376 mora
487 2345 548 2377 est
564 2368 576 2390 ,
607 2342 796 2389 quantum
817 2348 939 2376 noxae
961 2338 1012 2376 sit
1037 2335 1183 2388 ubique
1203 2341 1430 2389 repertum,
