1554 2563
146 153 268 190 XVIII

145 265 400 304 Lachmanni.
450 279 496 304 ex
526 266 560 304 Ε
592 266 803 316 desumpta
840 278 941 316 quae
973 266 1160 305 differunt
1191 278 1214 304 a
1244 265 1286 302 M
1316 278 1378 304 vv.
1402 266 1484 303 175

145 326 230 362 446
272 326 355 363 482
389 325 515 364 Falsa
546 337 635 363 oum
665 325 718 376 M,
749 324 900 373 Sparsa
929 338 1002 374 pro
1033 338 1069 364 v.
1097 337 1169 363 scr.
1200 324 1301 362 nihil
1331 326 1486 362 mutan-

146 383 240 420 dum
279 383 436 433 putam
481 383 746 433 significatus,
785 384 853 434 qui
889 392 953 422 XV
975 385 1056 422 155
1104 384 1201 433 509,
1246 383 1343 433 558,
1389 383 1486 432 576,

147 443 229 480 607
258 436 363 494 (ΜΡ)
395 453 484 480 oum
509 442 541 480 L
580 436 683 494 (619
710 442 847 481 Diana
878 454 966 480 cum
992 442 1079 492 ML,
1110 441 1294 480 fortassis
1319 435 1486 492 rectius)

147 501 230 539 634
275 501 382 539 lacus
420 513 492 550 pro
529 514 567 541 v.
599 512 672 539 sor.
723 502 806 539 665
844 502 1028 544 iacerent,
1071 500 1132 538 uti
1176 499 1297 539 etiam
1333 499 1375 537 M
1412 499 1487 538 sub

145 571 299 597 rasura.

261 613 367 656 LIB.
399 614 462 656 VI
503 632 540 657 v.
572 615 627 656 27
679 617 834 656 ADm'r
885 626 945 656 ET
996 624 1221 656 1NF1RM0s
1264 620 1486 655 BACULUM

147 684 275 722 QUOD
315 684 541 716 SUSTINET
580 684 743 716 ARTUS.
793 677 971 716 baculum
1001 688 1145 724 quoque
1181 675 1285 714 libri.
1335 674 1487 713 removi

145 735 411 786 offensionem,
439 747 539 785 quae
571 737 633 774 est
662 736 704 774 in
736 738 960 784 et-quoque:
991 730 1119 773 ‘addit
1150 746 1267 773 canos
1300 736 1341 772 et
1370 734 1487 772 bacu-

143 790 254 832 lum'.
314 794 390 833 hoc
424 796 566 833 neutro
609 806 754 844 genere
799 796 862 832 est
904 806 983 832 non
1026 793 1154 832 solum
1185 801 1249 831 XV
1271 793 1373 842 655,
1418 791 1488 830 sed

145 853 265 890 etiam
309 860 344 890 11
372 854 452 891 681
496 854 592 891 789.
748 850 805 891 46
845 860 1003 891 TAMEN
1045 860 1277 890 Exsrmnzr.
1339 851 1489 890 erubuit

144 911 254 961 libri,
293 911 398 961 quod
434 911 476 949 in
505 911 737 950 litteratura
774 911 982 960 archetypi
1012 911 1053 949 M
1083 911 1260 960 proxime
1292 910 1407 948 abest
1437 909 1487 947 ab

144 981 208 1019 eo,
246 970 351 1019 quod
391 970 643 1009 scribendum
679 970 830 1019 putavi.
891 981 1062 1018 namque
1106 970 1256 1008 erubuit
1274 989 1325 994 —
1341 968 1489 1007 notavit

144 1039 215 1066 ora
244 1030 363 1067 rubor
385 1029 513 1067 simile
546 1030 608 1067 est
631 1029 777 1067 vitioso
803 1029 863 1066 illi
894 1029 935 1067 in
965 1028 1006 1065 M
1037 1036 1124 1066 XIII
1145 1029 1227 1066 581
1261 1028 1390 1071 rubor,
1416 1037 1488 1074 quo

144 1087 358 1131 rubescunt,
391 1087 583 1125 dissimile
614 1095 663 1125 IV
685 1089 766 1126 329
802 1088 899 1126 330.
948 1087 1127 1136 reliquae
1157 1086 1358 1124 adsistunt
1378 1085 1487 1134 deae,

145 1147 190 1183 ut
220 1153 255 1183 ΙΙ
275 1147 379 1195 428,
410 1145 606 1196 Arachne,
639 1146 716 1184 etsi
745 1157 825 1184 non
854 1146 1010 1195 territa,
1042 1147 1177 1183 tamen
1209 1145 1349 1188 exsilit,
1383 1143 1488 1193 quod

145 1205 207 1242 est
242 1205 399 1242 timoris
431 1213 485 1241 111
508 1205 591 1242 670
627 1205 722 1254 671,
760 1204 921 1252 pavoris
953 1212 1003 1241 IX
1024 1204 1128 1253 314,
1160 1203 1306 1242 furoris
1338 1211 1370 1241 x
1389 1203 1486 1240 410.

263 1259 321 1300 54
357 1263 492 1301 HAUD
524 1270 673 1312 MORA,
712 1269 1287 1301 CONsmTUUN'r—TELAS.
1349 1260 1488 1299 reduxi

144 1321 219 1359 hoc
257 1333 304 1359 ex
339 1321 467 1371 MLE3
511 1321 575 1359 edi
613 1321 715 1359 solet
751 1322 969 1370 consistunt,
1007 1320 1112 1370 quod
1146 1321 1188 1358 in
1225 1321 1258 1357 E
1297 1332 1382 1360 var.
1414 1331 1487 1358 scr.

144 1381 282 1418 stantis
306 1380 401 1417 telae
432 1381 494 1418 est
524 1387 573 1418 1v
594 1381 690 1417 275.
811 1376 899 1418 200
931 1387 1024 1425 QUA
1058 1387 1284 1425 QUANTUM
1315 1386 1487 1417 ms'rA'r

145 1446 204 1475 AB
238 1437 386 1476 ORBA‘?
435 1438 531 1487 ITE,
565 1445 693 1476 SATIS
725 1445 816 1476 PRO
848 1445 1002 1476 PROLE
1035 1445 1243 1486 SACRIST,
1280 1445 1486 1476 LAURUM-

147 1504 239 1543 QUE
277 1504 489 1535 CAPILLIS
533 1496 726 1534 PONITE.
776 1509 853 1544 qua
895 1499 1095 1544 quantum,
1141 1496 1175 1534 si
1211 1496 1383 1534 Bentleii
1427 1497 1488 1533 est

145 1555 349 1605 eorrectio,
381 1557 444 1593 est
475 1555 596 1593 etiam
628 1555 668 1592 M
700 1556 740 1592 et
772 1555 942 1593 aliorum
973 1555 1203 1593 auctoritas.
1234 1567 1374 1594 versus
1401 1555 1487 1603 ipse

145 1614 222 1652 etsi
252 1614 338 1652 loco
371 1625 441 1652 suo
473 1615 617 1663 motus,
649 1613 845 1663 genuinus
871 1615 949 1663 est3
981 1613 1031 1651 ad
1057 1626 1173 1663 quem
1197 1613 1371 1652 refertur
1391 1610 1486 1651 212.

145 1673 187 1710 in
216 1672 395 1721 proximo
433 1684 598 1710 rasurae
630 1684 731 1721 quae
770 1674 862 1711 sunt
898 1672 939 1709 in
969 1672 1084 1710 libris
1116 1672 1157 1710 M
1188 1674 1230 1711 et
1260 1672 1397 1722 Neap,
1428 1683 1487 1709 re-

146 1732 256 1769 stant
293 1730 591 1769 examinandae:
635 1730 791 1769 Heinsii
828 1732 891 1769 est
920 1731 1193 1769 testimonium
1221 1741 1386 1778 propere
1423 1742 1486 1768 ex-

146 1793 234 1827 tare
265 1789 306 1826 in
330 1790 501 1839 vestigio
535 1789 739 1838 ampliore.
793 1801 893 1838 quae
923 1801 1050 1838 nuper
1075 1791 1273 1838 temptata
1305 1790 1408 1838 sunt,
1436 1789 1486 1826 ab

145 1848 323 1897 Hauptio
354 1848 425 1895 Ite,
456 1849 561 1895 satis,
586 1858 752 1895 propere
781 1849 842 1898 ite,
872 1849 975 1886 sacri
1006 1851 1076 1892 est,
1110 1847 1337 1886 Alexandro
1369 1847 1486 1886 Riese

145 1907 217 1953 Ite,
247 1908 362 1949 satis,
388 1909 609 1954 properate,
640 1907 744 1945 sacri
775 1909 838 1949 est,
870 1906 956 1944 Nic,
988 1906 1190 1955 Madvigio
1221 1907 1299 1954 Ite,
1330 1909 1392 1945 sat
1422 1909 1486 1950 est,

144 1976 305 2013 propere
335 1976 361 2003 a
390 1966 524 2012 sacris,
555 1964 790 2014 hyperbatis
820 1964 918 2013 ipsis
950 1966 992 2002 et
1018 1964 1227 2003 locutionis
1253 1965 1486 2014 intemperie

146 2035 339 2072 personae
370 2022 609 2073 dignitatem
639 2024 798 2062 tollunt.
846 2035 926 2061 non
957 2023 1236 2072 spoponderim
1267 2036 1329 2062 me
1347 2035 1486 2062 verum

147 2083 365 2131 invenisse,
403 2082 472 2120 sed
502 2082 703 2131 peroratio
736 2081 867 2130 aptior
897 2081 993 2119 erit:
1033 2082 1288 2120 dimittuntur
1319 2093 1344 2120 a
1374 2093 1485 2120 sacro

149 2140 365 2178 Thebanae
395 2140 569 2179 formula
600 2140 796 2179 consimili
827 2151 872 2177 ac
901 2139 1061 2178 fuerant
1092 2141 1275 2179 admotae
1305 2153 1368 2179 vv.
1391 2141 1486 2189 159,

149 2200 251 2236 16οι
284 2198 433 2236 dictum
463 2199 596 2236 fuerat
626 2201 692 2243 ite,
732 2199 818 2237 date
848 2198 1024 2236 Latonae
1054 2202 1088 2237 et
1117 2199 1367 2247 Latoniqenis
1397 2199 1486 2236 duo-

146 2258 235 2300 bus,
277 2257 388 2294 lauro
425 2258 618 2295 innectite:
653 2258 826 2295 iteratur
861 2258 927 2304 ite,
964 2258 1060 2295 satis
1090 2260 1144 2296 est
1171 2269 1249 2304 pro
1285 2258 1487 2295 numinum

146 2317 217 2354 isto
259 2326 436 2358 numero,
479 2317 611 2362 ponite
657 2316 826 2354 laurum.
974 2312 1058 2353 237
1106 2322 1259 2353 CRURA
1302 2323 1486 2354 ADNISA.

150 2385 303 2424 vereor,
339 2375 386 2412 ut
421 2373 519 2411 haec
551 2374 649 2411 satis
681 2375 790 2412 certa
821 2374 874 2412 sit
904 2373 1107 2412 correctio.
1168 2385 1286 2413 crura
1316 2374 1487 2413 admissa
