1554 2563
490 134 575 169 XIV
592 162 601 179 ,
627 138 811 171 717—789
828 162 835 170 .
950 147 1130 171 LAUTULAE
1244 136 1328 178 303

109 243 320 295 Deriguere
355 244 457 284 oculi
476 276 486 297 ‚
519 244 746 296 calidusque
779 257 800 283 e
833 257 998 296 corpore
1032 246 1188 297 sanguis

22 309 88 342 755
109 302 272 342 lnducto
304 303 450 354 pallore
483 303 611 355 sugit3
645 308 859 354 conataque
893 310 999 342 retro
1217 313 1245 339 f.
1266 314 1326 338 cci.

109 361 228 400 Ferre
261 361 410 413 pedes,
442 361 596 413 haesit3
629 367 764 400 conata
797 368 973 400 avertere
1007 362 1158 415 vultus,

108 419 191 458 Iloc
224 431 380 470 quoque
413 432 491 459 non
523 421 677 471 potuit.
717 420 979 471 paulatimque
1019 428 1183 473 occupat
1221 428 1328 461 artus

111 477 222 523 Quod
255 478 328 517 suit
360 480 399 517 in
431 478 528 517 duro
562 480 635 517 iam
668 479 818 529 pridem
850 486 1009 530 pectore
1044 492 1201 519 saxum.

109 536 212 575 Neve
246 549 289 575 ea
322 537 410 575 fieta
441 542 586 589 putes,
618 537 795 576 dominae
829 537 900 576 sub
934 539 1098 589 imagine
1133 541 1287 588 signum

23 603 88 635 760
111 594 249 634 Servat
280 595 406 634 adhuc
440 595 630 648 Salamis;
663 595 825 634 Veneris
859 608 1014 647 quoque
1047 599 1200 636 nomine

1141 655 1329 707 templum

108 712 389 764 Prospicientis
416 712 559 752 habet.
600 725 767 764 quorum
793 726 971 766 memor,
1004 726 1025 752 o
1060 726 1141 753 mea
1161 746 1172 767 ,
1203 714 1328 753 lentos

107 770 213 810 Pone
233 802 243 822 ,
275 783 417 822 precor
436 803 446 823 ,
479 772 601 810 fastus
620 804 630 824 ‚
664 777 702 810 et
734 774 875 811 amanti
914 774 1075 823 iungere
1095 805 1106 824 ‚
1138 773 1327 825 nymphe.

111 829 174 868 Sic
208 829 278 868 tibi
311 842 383 868 nec
416 841 580 869 vernum
612 833 811 869 nascentia
844 831 967 881 frIgus
999 831 1163 877 adurat,

110 887 230 926 I‘oma
248 919 259 940 ‚
292 900 364 927 nec
397 890 595 927 excutiant
627 889 750 940 rapidi
783 889 960 928 florentia
992 891 1096 928 venti
1111 887 1134 928 .'

23 954 89 986 765
109 946 213 985 Haeo
247 945 313 985 uhi
345 948 582 997 nequiquam
614 948 737 986 forma
769 947 865 986 deus
898 954 980 986 acta
1013 948 1125 987 senili

111 1004 270 1057 Edidit,
302 1006 341 1043 in
373 1007 555 1044 iuvenem
588 1005 731 1057 rediit,
764 1012 802 1044 et
834 1006 946 1045 anilia
974 1006 1095 1045 demit

110 1063 374 1102 Instrumenta
408 1063 510 1116 sibi,
543 1064 708 1115 talisque
741 1066 920 1115 apparuit
952 1065 1030 1117 illi,

110 1121 242 1167 Qualis
275 1122 342 1161 ubi
374 1124 571 1173 oppositas
604 1122 835 1161 nitidissima
867 1123 960 1161 solis
993 1125 1117 1174 imago

109 1179 234 1219 Evicit
266 1180 420 1233 nubes,
453 1180 636 1232 nullaque
671 1181 849 1220 obstante
883 1181 1046 1220 reluxit.

23 1246 89 1278 ’170
110 1237 272 1289 Vimque
305 1245 442 1290 parat:
475 1239 543 1278 sed
576 1241 611 1278 vi
643 1251 720 1278 non
753 1246 812 1278 est
843 1252 971 1291 opus,
1004 1241 1122 1290 inque
1154 1240 1276 1291 figura

110 1296 229 1348 Capta
260 1297 321 1336 dei
353 1297 520 1349 nymphe
553 1303 641 1350 est,
674 1303 713 1337 et
745 1305 878 1337 mutua
912 1298 1069 1337 vulnera
1102 1301 1246 1337 sensit.

169 1355 376 1395 Proximus
409 1356 598 1395 Ausonias
630 1357 765 1395 iniusti
797 1356 908 1395 miles
940 1357 1066 1395 Amuli

110 1414 225 1453 Rexit
256 1426 379 1466 opes:
411 1414 669 1465 Numitorque
703 1427 821 1453 senex
854 1416 994 1453 amissa
1026 1420 1212 1466 nepotum

111 1472 273 1511 Munere
306 1485 427 1523 regna
459 1475 584 1524 capit:
617 1474 806 1523 festisque
838 1473 1024 1511 Palilibus
1056 1473 1166 1512 urbis

24 1539 91 1571 ⁷75
111 1531 262 1570 Moenia
295 1531 517 1570 conduntur
538 1562 546 1570 .
584 1531 798 1582 Tatiusque
829 1538 1038 1582 patresque
1073 1531 1205 1571 Sabini

110 1589 216 1628 Bella
247 1596 419 1642 gerunt,
451 1591 630 1640 arcisque
662 1591 722 1628 via
753 1589 916 1640 Tarpeia
949 1589 1103 1628 reclusa

111 1647 273 1699 Dignam
306 1649 472 1686 animam
503 1660 627 1699 poena
660 1649 856 1698 congestis
888 1650 995 1686 exuit
1026 1650 1165 1687 armis.

112 1706 205 1745 Inde
238 1708 310 1745 sati
343 1706 511 1746 Curibus
545 1708 754 1746 tacitorum
785 1718 893 1745 more
924 1706 1109 1757 luporum

111 1764 187 1804 Ore
220 1770 405 1816 premunt
435 1777 549 1803 voces
583 1770 622 1803 et
652 1776 817 1815 corpora
848 1766 948 1804 victa
980 1777 1120 1816 sopore

26 1830 93 1863 780
113 1822 332 1876 Invadunt,
364 1829 575 1874 portasque
608 1828 776 1875 petunt,
809 1835 904 1874 quas
936 1822 1046 1861 obice
1074 1824 1184 1862 firmo

113 1880 314 1920 Clauserat
346 1881 511 1920 iliades.
550 1893 679 1920 unam·
702 1887 829 1920 tamen
861 1883 945 1932 ipsa
976 1881 1138 1921 reclusit

111 1939 192 1978 Nec
225 1942 434 1991 strepitum
467 1952 578 1978 verso
614 1940 795 1987 Saturnia
828 1940 984 1978 cardine
1018 1941 1132 1979 fecit.

113 1997 200 2037 Sola
233 1997 362 2037 Venus
394 2004 528 2049 portae
562 1998 750 2037 cecidisse
783 1998 965 2049 repagula
999 1999 1144 2050 sensit,

110 2055 159 2095 Et
191 2057 370 2095 clausura
403 2057 506 2108 fuit,
539 2058 613 2095 nisi
647 2056 750 2106 quod
784 2056 1009 2094 rescindere
1042 2068 1255 2106 numquam

23 2121 90 2153 ’185
111 2114 177 2153 Dis
210 2114 302 2154 licet
333 2121 417 2153 acta
449 2115 565 2153 deum
586 2146 594 2153 .
634 2114 724 2153 Iano
757 2114 841 2153 loca
872 2116 1004 2153 iuncta
1036 2113 1222 2153 tenebant

110 2172 251 2212 Naides
283 2175 474 2212 Ausoniae
508 2172 633 2223 gelido
667 2173 837 2211 rorantia
870 2172 996 2211 sonte.

110 2230 187 2270 Has
220 2237 330 2282 rogat
361 2231 547 2270 auxilium
567 2261 575 2269 .
614 2243 686 2269 nec
718 2230 907 2282 nymphae
934 2232 1036 2269 iusta
1066 2236 1263 2282 petentem

112 2288 343 2328 Sustinuere
377 2290 488 2328 deam
507 2321 518 2342 ,
552 2301 745 2340 venasque
777 2295 816 2328 et
847 2289 1006 2328 ssumina
1039 2289 1156 2328 fontis

111 2346 291 2386 Elicuere
324 2350 413 2387 sui.
452 2347 626 2386 nondum
660 2353 786 2387 tamen
820 2348 921 2386 invia
955 2347 1034 2386 lani
