1554 2563
1257 90 1427 125 XXXVII

87 205 170 242 347
216 205 301 242 370
346 204 428 242 422
475 204 558 241 445
602 203 686 241 473
729 205 814 241 474
855 202 923 242 Vel
953 203 1044 250 quid
1087 204 1170 240 477
1214 203 1298 239 543
1346 202 1428 239 573

88 263 170 301 608
218 263 313 300 609.

203 315 309 359 LIB.
336 316 443 359 XIII
475 334 512 360 v.
538 317 624 358 312
656 327 857 358 Vlmsrls
890 327 1195 366 PRAESTOQUE
1230 325 1430 358 οΒΙΕοΤΑ

90 387 345 418 PATEBANT.
399 380 598 427 pretioque
634 378 728 417 libri
760 390 912 427 omnes,
951 379 1055 428 quod
1087 381 1223 427 aptam
1260 379 1432 417 structu-

90 451 173 478 ram
210 450 288 477 non
324 438 458 477 habet.
519 445 726 476 PRAESTO
765 437 959 475 iunxerim
996 449 1086 475 cum
1117 438 1276 487 obiecta,
1315 449 1432 486 quem

88 497 300 536 admodum
330 500 488 546 praesto
526 498 650 546 video,
680 499 839 544 praesto
870 497 1002 535 adesse
1034 496 1111 533 dici
1149 495 1356 534 consuevit
1393 497 1434 534 et

90 558 213 596 visum
231 557 423 606 obiectum,
455 557 596 604 species
620 556 762 594 obiecta
789 554 895 604 apud
915 554 1155 602 Ciceronem,
1180 556 1226 593 ut
1252 554 1433 603 iteretur,

89 614 194 665 quod
232 615 446 654 antecessit
483 616 648 653 crim'ina
677 614 844 663 vidistis,
881 625 961 652 non
990 614 1145 661 facinus
1169 626 1206 652 v.
1227 614 1331 662 310,
1364 612 1434 651 sed

89 673 324 723 criminatio,
356 676 402 712 ut
431 686 469 713 v.
490 675 556 712 60.
606 673 744 711 durius
776 672 895 722 paulo
927 672 1032 711 foret
1063 673 1216 722 obieeta,
1250 668 1366 721 ‘quae
1397 672 1434 709 ei

89 729 339 782 obieceram’,
363 735 522 780 praesto
545 732 743 780 patebant,
775 733 821 769 ut
850 731 1063 781 legebatur
1096 730 1202 779 apud
1234 729 1312 768 Cio.
1332 730 1434 779 Epp.

91 792 183 830 fam.
216 799 300 830 XIII
323 792 374 829 29
406 792 429 829 2
454 793 612 839 praesto
643 791 719 838 fuit
743 801 790 829 ac
814 791 953 838 patuit.
1074 786 1159 827 423
1191 789 1243 827 IN
1270 796 1433 827 MEDHS

92 858 276 890 HECUBA
319 857 404 888 EST
454 857 681 889 NATORUM
732 857 934 887 INVENTA
978 856 1275 888 SEPULCHRIS.
1341 847 1437 885 libri

92 913 146 949 est
177 909 383 957 omittunt,
414 909 513 948 vitio
545 909 722 955 vetusto,
755 908 860 957 quod
891 907 995 946 redit
1026 907 1129 945 infra
1162 908 1265 956 556,
1297 909 1437 956 estque

92 981 116 1007 a
151 968 335 1006 barbaris
374 967 453 1006 illis
497 967 538 1005 in
574 979 735 1006 versum
778 966 1081 1016 suppositicium
1125 966 1208 1004 549
1253 965 1435 1004 inlatum.

92 1028 322 1078 ignoratum
348 1028 410 1064 est
433 1025 801 1075 frequentissimum
826 1025 927 1063 illud
952 1024 1216 1075 hyperbaton,
1243 1036 1319 1073 quo
1347 1024 1438 1063 sub-

93 1085 313 1124 stantivum
355 1085 500 1134 prioris
545 1084 745 1123 enunciati
788 1084 830 1121 in
873 1084 1097 1132 proximum
1141 1083 1343 1133 differtur,
1392 1084 1440 1121 ut

92 1144 198 1183 infra
234 1145 338 1193 426,
378 1145 480 1193 7163
528 1144 662 1182 v102
704 1143 785 1181 553
829 1144 908 1180 651
961 1150 1009 1180 VI
1037 1143 1091 1180 54
1132 1142 1185 1180 98
1228 1143 1309 1180 191
1350 1142 1435 1180 396

93 1198 245 1256 (5839)
299 1211 368 1241 vn
407 1204 462 1241 80
502 1204 582 1241 167
626 1202 706 1240 181
749 1203 829 1239 241
871 1202 953 1239 481
1005 1209 1091 1238 vm
1132 1201 1213 1239 187
1265 1209 1315 1238 lx
1354 1201 1436 1238 597

95 1271 127 1301 x
165 1263 188 1300 2
229 1262 311 1300 715
364 1269 444 1299 X1v
478 1262 573 1300 740.
729 1257 814 1298 458
861 1267 972 1306 QUIN
1015 1268 1088 1298 TU.
1138 1262 1205 1298 aut
1242 1259 1285 1297 tu
1320 1259 1362 1296 M
1399 1261 1440 1296 et

94 1320 187 1359 libri
223 1321 343 1370 longe
379 1319 553 1369 plurimi.
614 1322 656 1358 at
691 1321 733 1358 tu
770 1319 938 1357 aliorum
974 1330 1102 1368 neque
1145 1318 1439 1367 auctoritatem,

94 1391 240 1429 neque,
284 1379 399 1428 puto,
442 1379 572 1417 locum
615 1378 747 1416 habet.
929 1373 1014 1416 556
1053 1373 1226 1415 ‘TOLLE
1272 1384 1442 1426 MORAS,

48 1460 51 1461 ν
95 1445 293 1486 EECUBA,
318 1433 392 1476 ET’
412 1446 558 1476 DIXIT.
607 1437 757 1475 inserui
782 1444 842 1474 ET
868 1436 1063 1474 librorum
1089 1436 1321 1484 scripturae.

96 1494 182 1536 619
220 1504 485 1534 PARENTALI
521 1503 793 1535 MORITURAE
833 1502 967 1534 Luca.
1028 1495 1238 1533 moriturae
1272 1505 1376 1532 more
1406 1493 1440 1531 E

97 1558 138 1594 et
174 1555 364 1604 plerique.
425 1567 518 1592 mor.
549 1558 668 1593 morte
703 1553 830 1603 pauci.
893 1556 935 1592 at
965 1553 1023 1603 M,
1062 1555 1256 1602 quantum
1292 1552 1442 1602 notavi,

96 1625 191 1653 mor.
222 1625 328 1664 uoce,
359 1613 464 1651 unde
496 1613 622 1663 effeci,
655 1625 731 1662 quo
765 1624 863 1661 opus
895 1613 999 1660 erat,
1037 1623 1086 1649 ne
1118 1623 1253 1649 mense
1284 1612 1442 1649 tantum

97 1674 225 1722 certo,
268 1686 304 1711 v.
328 1673 430 1721 618,
475 1672 543 1710 sed
581 1672 646 1710 die
677 1671 726 1709 ab
760 1671 900 1709 avibus
932 1672 1182 1720 pai-emetur,
1222 1669 1283 1707 uti
1320 1669 1444 1708 habet

97 1731 316 1770 Pausanias
348 1740 380 1769 x
402 1733 453 1769 31
484 1732 521 1781 6,
552 1727 600 1770 ἑν
626 1726 862 1778 εἰρημέναις
886 1725 1070 1777 ἡμέραις.
1113 1728 1337 1777 parentales
1362 1729 1442 1767 dies

100 1792 193 1829 sunt
221 1790 329 1828 Fast.
357 1798 390 1827 11
411 1790 507 1828 548.
658 1785 743 1827 632
777 1796 870 1834 Quo
902 1795 1023 1826 REGE
1056 1794 1282 1836 nomines,
1314 1795 1444 1825 ANTI-

69 1850 71 1853 ⁴
101 1857 234 1888 STITE
292 1856 503 1888 PHOEBUS
559 1849 675 1887 RITE
731 1854 1018 1886 COLEBATUR.
1091 1847 1280 1895 corrupta
1334 1847 1443 1895 puto.

101 1908 332 1956 suspicabar
369 1919 441 1956 quo
478 1918 564 1955 reye
601 1914 755 1956 FIDES,
799 1909 894 1955 ant„
933 1905 1038 1955 quod
1075 1905 1116 1943 in
1153 1905 1370 1954 archetypo
1402 1903 1442 1941 M

101 1967 322 2016 scripturae
343 1978 468 2016 genus
488 1966 692 2004 videretur
716 1965 852 2014 fuisse,
878 1964 919 2002 in
947 1977 1022 2013 quo
1048 1964 1150 2013 Imes,
1171 1975 1259 2001 oum
1284 1962 1444 2012 lineola,

100 2037 179 2064 non
209 2026 328 2075 longe
360 2025 529 2063 distaret
560 2037 584 2063 a
614 2025 721 2071 fides.
784 2023 924 2062 similis
966 2023 1157 2060 sermonis
1191 2021 1352 2071 argutia
1383 2023 1446 2059 est

101 2092 184 2122 XIV
207 2085 287 2122 109
322 2095 367 2122 ac
397 2084 560 2133 passim.
674 2079 761 2122 684
793 2082 992 2120 HYLEUS.
1043 2081 1101 2118 ita
1133 2080 1241 2119 solus
1267 2080 1313 2128 Ε,
1345 2080 1446 2118 citra

101 2142 422 2191 interpolationis
463 2141 743 2191 suspicionem,
788 2143 834 2178 ut
876 2140 1014 2178 multa.
1076 2139 1264 2178 dederam
1294 2139 1374 2176 iam
1404 2138 1443 2176 in

102 2201 319 2250 proecdosi.
480 2202 561 2239 687
607 2207 867 2246 PYRAEQUE.
922 2198 996 2236 hoc
1045 2198 1185 2247 putavi
1234 2198 1362 2235 latere
1404 2196 1444 2234 in

102 2259 302 2308 scriptura
332 2259 374 2297 M
402 2271 585 2309 yyy-oque,
623 2259 700 2297 nisi
731 2257 1000 2306 transpositae
1033 2256 1212 2305 syllabae
1243 2255 1446 2304 putandae

105 2320 196 2356 sunt
231 2318 475 2368 reliquorum
512 2317 686 2357 omnium
725 2317 947 2366 scripturae
982 2316 1149 2365 royz'que.
1190 2326 1317 2365 pyrae
1355 2318 1446 2353 sunt
