1554 2563
173 109 198 151 3
205 109 257 150 16
378 120 605 144 ammonas
723 106 939 142 METAMM

289 220 474 269 Agrestes
506 218 634 256 tineae
667 238 722 244 —
754 228 819 256 res
851 215 1055 256 observata
1087 216 1235 256 colonis
1269 237 1320 245 —

289 276 417 315 Ferali
448 281 601 315 mutant
633 288 722 314 cum
753 275 947 327 papilione
979 276 1166 327 figuram.

201 343 268 375 3⁷5
290 334 446 374 Semina
476 334 593 374 limus
623 333 742 373 habet
772 333 916 373 virides
948 335 1173 385 generantia
1205 345 1342 386 ranas,

288 392 338 432 Et
368 398 530 445 generat
560 398 720 432 truncas
751 392 917 444 pedibus
935 424 947 445 ‚
978 405 1067 432 mox
1099 398 1187 444 apta
1218 392 1385 432 natando

290 451 414 491 Crura
446 452 539 504 dat,
571 456 692 502 utque
725 451 860 490 eadem
892 452 972 490 sint
1002 450 1127 502 longis
1160 450 1322 490 saltibus
1353 456 1466 503 apta,

287 510 488 550 Posterior
518 516 650 562 partes
682 515 842 561 superat
872 521 1056 548 mensura
1086 510 1261 561 priores.

288 569 369 608 Nec
402 568 555 608 catulus
574 600 585 622 ‚
615 574 732 620 partu
764 581 881 620 quem
913 567 1083 607 reddidit
1114 580 1207 607 ursa
1237 569 1412 621 recenti,

201 635 269 667 380
291 627 368 667 Sed
400 627 499 667 male
531 629 615 666 viva
647 639 737 666 caro
770 632 858 666 est:
890 626 1095 666 lambendo
1128 632 1253 666 mater
1284 628 1325 665 in
1357 632 1465 665 artus

288 686 447 740 Fingit,
479 692 518 725 et
548 687 588 725 in
616 687 785 725 'formam
803 717 815 738 ‚
847 690 1030 737 quantam
1064 687 1167 737 capit
1192 687 1275 737 ipsa
1293 717 1305 737 ‚
1335 685 1507 726 reducit.

288 745 425 784 Nonne
458 744 564 784 vides
598 756 695 796 quos
728 756 818 783 cera
850 745 946 796 tegit
977 743 1187 796 sexangula
1219 744 1322 783 fetus

288 803 567 843 Melliferarum
599 805 759 856 apium,
791 804 875 842 sine
906 801 1093 842 membris
1126 814 1292 854 corpora
1323 803 1429 841 nasci

287 862 338 901 Et
369 874 557 913 serosque
589 862 710 914 pedes
742 873 928 912 serasque
961 873 1162 900 assumere
1194 858 1378 912 pennas?

200 928 267 960 385
288 920 449 960 Iunonis
480 921 680 960 volucrem
699 951 710 973 ‚
742 932 840 971 quae
873 919 995 959 cauda
1028 919 1156 959 sidera
1186 924 1336 972 portat,

288 980 614 1031 Armigerumque
646 979 746 1018 Iovis
779 977 1133 1030 Cythereiadasque
1165 977 1365 1017 columbas

287 1038 337 1077 Et
368 1050 491 1089 genus
523 1050 636 1076 omne
670 1039 797 1076 avium
828 1037 967 1076 mediis
998 1050 1018 1076 e
1050 1036 1228 1088 partibus
1260 1038 1346 1089 ovi,

289 1096 337 1135 Ni
369 1098 489 1136 sciret
520 1098 605 1136 fieri
623 1128 634 1149 ‚
668 1097 755 1147 quis
787 1097 895 1135 nasci
925 1107 1042 1147 posse
1073 1092 1271 1147 putaret?

290 1155 390 1194 Sunt
416 1157 511 1208 qui,
537 1167 627 1194 cum
654 1155 785 1194 clauso
811 1155 1030 1206 putrefacta
1056 1160 1116 1193 est
1141 1155 1253 1205 spina
1279 1153 1513 1206 sepulchro,
1535 1163 1538 1166 “

200 1222 267 1253 390
287 1214 429 1253 Mutari
462 1213 624 1252 credant
655 1213 842 1252 humanas
875 1225 1000 1264 angue
1033 1212 1244 1251 medullas.

287 1272 391 1311 Haec
425 1278 553 1311 tamen
586 1284 632 1311 ex
665 1272 748 1310 aliis
780 1273 935 1322 generis
966 1271 1179 1322 primordia
1211 1270 1383 1324 ducunt;

288 1330 372 1369 Una
404 1337 493 1383 est,
526 1342 624 1381 quae
657 1336 814 1382 reparet
845 1342 965 1381 seque
997 1331 1082 1381 ipsa
1112 1331 1353 1383 reseminet,
1386 1329 1488 1369 ales:

288 1390 437 1440 Assyrii
468 1389 659 1440 phoenica
691 1394 857 1427 vocant.
896 1399 974 1426 non
1007 1389 1119 1439 fruge
1152 1400 1280 1439 neque
1313 1387 1469 1440 herbis,

289 1447 366 1486 Sed
400 1449 498 1486 turis
530 1447 699 1486 lacrimis
732 1452 771 1486 et
801 1458 895 1486 suco
927 1447 1019 1486 vivit
1050 1448 1213 1485 amomi.

202 1514 267 1546 395
288 1506 393 1545 Haec
425 1505 493 1545 ubi
526 1507 699 1557 quinque
732 1517 825 1545 suae
858 1505 1067 1557 complevit
1098 1504 1251 1544 saecula
1284 1506 1406 1558 vitae,

288 1565 398 1604 Ilicet
428 1566 469 1604 in
500 1566 619 1604 ramis
652 1564 920 1615 tremulaeque
954 1565 1154 1603 cacumine
1187 1563 1335 1615 palmae

287 1623 492 1675 Unguibus
524 1629 564 1663 et
592 1635 694 1675 puro
727 1623 862 1661 nidum
894 1621 968 1661 sibi
1000 1623 1193 1661 construit
1225 1633 1315 1661 ore.

288 1682 373 1728 Quo
407 1682 522 1721 simul
554 1694 599 1721 ac
631 1682 754 1721 casias
786 1686 826 1720 et
857 1680 968 1719 nardi
1000 1680 1098 1720 lenis
1130 1682 1268 1719 aristas

288 1741 515 1792 Quassaque
549 1752 638 1780 culn
671 1740 773 1779 fulva
805 1739 1018 1778 substravit
1050 1740 1227 1778 cinnama
1260 1751 1415 1791 murra,

201 1808 266 1839 400
288 1799 338 1839 Se
371 1811 490 1850 super
521 1800 687 1850 imponit
718 1799 880 1849 finitque
911 1799 952 1836 in
984 1797 1171 1836 odoribus
1204 1809 1362 1836 aevum.

289 1857 381 1897 Inde
413 1859 546 1897 ferunt
563 1889 574 1910 ,
607 1857 769 1896 totidem
802 1858 869 1908 qui
900 1857 1029 1894 vivere
1063 1855 1204 1895 debeat
1235 1868 1381 1908 annos,

288 1916 460 1968 Corpore
493 1916 540 1955 de
572 1917 698 1968 patrio
730 1927 892 1966 parvum
924 1914 1115 1966 phoenica
1145 1916 1317 1954 renasci.
1376 1923 1404 1949 r.
1424 1922 1510 1950 ccxi.
1547 1904 1554 1976 l

288 1975 386 2014 Cum
418 1974 525 2013 dedit
555 1974 647 2014 huic
679 1979 784 2012 aetas
818 1975 920 2011 vires
938 2004 950 2025 ,
982 1974 1171 2024 onerique
1203 1973 1365 2012 ferendo
1398 1980 1481 2025 est,
1547 1979 1554 2031 j

287 2032 533 2073 Ponderibus
566 2032 646 2072 nidi
678 2043 806 2071 ramos
838 2031 939 2070 levat
970 2031 1120 2070 arboris
1153 2031 1274 2084 altae,
1539 2034 1554 2101 J

201 2100 267 2132 405
288 2092 458 2144 Fertque
490 2092 579 2143 pius
613 2102 812 2141 cunasque
840 2102 929 2129 suas
955 2091 1206 2141 patriumque
1233 2089 1509 2142 sepulchrum,
1551 2105 1554 2116 =

287 2149 442 2201 Perque
474 2149 579 2190 leves
610 2161 724 2189 auras
755 2146 990 2200 Hyperionis
1021 2148 1119 2187 urbe
1151 2149 1298 2199 potitus

287 2209 385 2247 Ante
418 2209 522 2247 fores
554 2219 684 2247 sacras
716 2207 950 2258 Hyperionis
983 2207 1076 2246 aede
1108 2208 1285 2258 reponit.

290 2266 331 2305 Si
364 2272 495 2305 tamen
528 2272 588 2305 est
619 2266 765 2317 aliquid
798 2267 917 2305 mirae
949 2266 1132 2304 novitatis
1164 2266 1203 2304 in
1235 2266 1346 2318 istis,
1547 2242 1554 2329 l

288 2325 493 2364 Alternare
526 2326 630 2364 vices
663 2330 702 2364 et
734 2336 831 2376 quae
864 2323 977 2362 modo
1013 2324 1155 2362 femina
1189 2328 1296 2375 tergo
1465 2331 1470 2334 ·
1523 2321 1554 2359 'l
