1554 2563
145 121 233 163 230
422 133 511 155 cmx
695 118 910 153 METAMM
925 147 932 155 .

262 231 386 270 Tanta
416 230 506 269 mali
537 229 659 268 moles
677 261 689 282 ,
720 234 908 280 tantoque
939 230 1139 281 potentior
1170 235 1253 268 arte
1285 237 1367 268 est.

173 297 241 329 495
264 289 436 340 [Quippe
470 294 610 327 sonant
641 288 810 327 clamore
842 289 944 341 viri,
977 287 1146 327 stridore
1178 287 1390 340 rudentes,

262 347 462 387 Undarum
493 349 657 387 incursu
688 348 815 398 gravis
846 346 951 386 unda
969 378 980 399 ,
1011 346 1223 386 tonitribus
1256 346 1391 385 aether
1405 345 1432 397 .]

261 406 466 445 Fluctibus
498 407 663 457 erigitur
695 405 924 456 caelumque
957 417 1125 456 aequare
1156 404 1310 444 videtur

261 465 411 504 Pontus
430 496 441 517 ,
473 470 512 504 et
542 464 721 503 inductas
752 465 958 516 aspergine
990 469 1150 515 tangere
1182 463 1331 516 nubes3

265 523 333 573 [Et
363 523 478 562 modo
498 555 509 575 ,
541 535 631 562 cum
662 522 786 562 fulvas
818 535 866 561 ex
896 524 974 561 imo
1006 523 1130 561 verrit
1160 534 1322 576 arenas,

174 590 242 622 500
264 582 456 622 Concolor
488 587 548 620 est
578 581 685 634 illis,
719 581 851 633 Stygia
882 581 997 620 modo
1030 582 1179 632 nigrior
1210 581 1315 620 unda
1329 580 1357 632 ε]

263 640 463 680 Sternitur
493 640 693 679 interdum
711 672 722 692 ,
754 641 982 692 spumisque
1014 639 1246 679 sonantibus
1278 639 1403 680 albet.

263 700 350 750 Ipsa
382 711 538 750 quoque
571 699 632 737 his
664 700 792 750 agitur
822 698 973 737 vicibus
1005 698 1212 737 Trachinia
1244 700 1409 751 puppis:

261 758 311 797 Et
341 770 447 797 nunc
479 757 656 797 sublimis
687 757 808 796 veluti
839 757 887 796 de
918 758 1065 796 vertice
1097 758 1240 796 montis

262 816 472 868 Despicere
504 818 545 855 in
576 816 694 855 valles
724 817 925 866 imumque
957 815 1179 854 Acheronta
1210 815 1388 856 videtur:

173 883 240 914 505
261 875 374 914 Nunc
392 907 403 928 ,
434 874 503 914 ubi
535 874 744 914 demissam
776 886 940 913 curvum
971 872 1236 914 circumstetit
1264 887 1433 926 aequor,

262 934 473 985 Suspicere
504 934 659 972 inferno
693 945 889 972 summum
921 932 968 971 de
1001 934 1154 984 gurgite
1187 933 1359 973 caelum.

263 992 387 1044 Saepe
418 991 484 1031 dat
514 993 713 1043 ingentem
745 992 868 1031 ssuctu
899 991 1000 1030 latus
1032 993 1109 1031 icta
1139 992 1359 1044 fragorem,

261 1051 342 1090 Nec
372 1051 496 1090 levius
527 1050 680 1102 pulsata
712 1056 852 1103 sonat,
885 1062 1000 1101 quam
1032 1050 1186 1089 ferreus
1218 1049 1311 1089 olim

262 1109 360 1148 Cum
391 1109 539 1148 laceras
572 1111 673 1148 aries
705 1109 905 1148 ballistave
938 1110 1115 1148 concutit
1146 1121 1279 1148 arces.

173 1175 241 1207 510
263 1167 410 1218 [thue
443 1167 571 1206 solent
602 1170 769 1218 sumptis
801 1169 963 1206 incursu
995 1167 1144 1206 viribus
1174 1169 1233 1206 ire

261 1226 428 1265 Pectore
461 1227 501 1264 in
533 1237 640 1264 arma
672 1226 746 1264 feri
776 1231 1036 1276 protentaque
1070 1225 1145 1264 tela
1175 1225 1334 1266 leones:

263 1284 327 1323 Sic
358 1283 427 1323 ubi
459 1296 500 1323 se
532 1285 659 1323 ventis
691 1283 900 1323 admiserat
930 1283 1035 1322 unda
1067 1286 1237 1337 coortis,

262 1342 345 1381 Ibat
376 1344 417 1381 in
449 1354 556 1381 arma
587 1344 682 1381 ratis
700 1374 711 1395 ,
743 1342 946 1393 multoque
978 1347 1062 1381 erat
1093 1342 1206 1381 altior
1237 1342 1314 1381 illis
1328 1341 1356 1393 .]

261 1401 419 1452 lamque
451 1400 583 1440 labant
614 1402 759 1453 cunei,
791 1401 1032 1452 spoliataque
1064 1402 1234 1452 tegmine
1267 1413 1380 1440 cerae

173 1468 240 1498 515
262 1459 372 1498 Rima
403 1464 540 1512 patet,
570 1459 812 1510 praebetque
844 1461 945 1498 viam
975 1459 1156 1498 letalibus
1187 1459 1327 1499 undis.

262 1518 363 1557 Ecce
396 1517 542 1557 cadunt
572 1517 670 1569 largi
700 1518 885 1557 resolutis
917 1517 1088 1557 nubibus
1120 1517 1290 1571 imbres,

262 1576 403 1628 [Inque
435 1577 581 1615 fretum
613 1576 750 1615 credas
781 1582 909 1616 totum
941 1576 1180 1616 descendere
1212 1577 1387 1630 caelum,

260 1635 383 1686 Inque
415 1635 547 1687 plagas
580 1635 676 1674 caeli
708 1636 964 1674 tumefactum
995 1635 1208 1675 ascendere
1239 1642 1426 1688 pontum.

260 1693 352 1732 Vela
383 1693 542 1733 madent
573 1693 716 1733 nimbis
735 1725 746 1746 ,
776 1699 817 1733 et
848 1705 939 1733 cum
970 1693 1205 1733 caelestibus
1235 1694 1370 1744 undis]

173 1760 240 1792 520
260 1752 488 1803 Aequoreae
519 1753 737 1791 miscentur
770 1764 921 1803 aquae.
961 1758 1069 1792 caret
1098 1752 1255 1804 ignibus
1287 1753 1445 1805 aether,

261 1810 462 1861 Caecaque
494 1823 571 1850 nox
602 1812 796 1862 premitur
827 1809 1002 1849 tenebris
1032 1811 1251 1863 hiemisque
1284 1813 1467 1862 suisque.

260 1869 485 1908 Discutiunt
515 1875 646 1908 tamen
676 1869 747 1908 has
777 1868 1046 1920 praebentque
1078 1871 1261 1908 micantia
1291 1869 1424 1908 lumen

260 1927 468 1967 Fulmina:
499 1927 698 1966 fulmineis
730 1927 942 1966 ardescunt
971 1927 1128 1979 ignibus
1160 1928 1309 1967 undae.

261 1985 332 2025 Dat
364 1998 520 2037 quoque
552 1987 630 2024 iam
661 1986 783 2025 saltus
813 1987 917 2024 intra
947 1997 1040 2025 cava
1070 1992 1177 2025 texta
1208 1987 1362 2026 carinae

173 2052 239 2083 525
260 2044 452 2084 Fluctus:
483 2049 523 2083 et
552 2051 597 2083 ut
627 2044 739 2083 miles
758 2076 769 2096 ,
800 2055 965 2083 numero
996 2046 1260 2095 praestantior
1292 2046 1420 2095 omni,

261 2102 358 2142 Cum
391 2115 506 2154 saepe
539 2102 697 2142 adsiluit
728 2102 912 2142 defensae
943 2102 1149 2142 moenibus
1180 2102 1315 2156 urbis,

261 2160 337 2212 Spe
370 2163 520 2213 potitur
551 2161 710 2200 tandem
728 2193 739 2213 ‚
770 2161 975 2212 laudisque
1007 2173 1197 2200 accensus
1229 2173 1361 2201 amore

259 2218 368 2257 Inter
399 2219 504 2258 mille
535 2220 642 2258 viros
673 2231 832 2259 murum
862 2225 994 2259 tamen
1025 2225 1191 2271 occupat
1221 2232 1349 2260 unus:

262 2275 327 2314 Sic
359 2276 427 2315 ubi
457 2277 666 2328 pulsarunt
696 2279 859 2316 noviens
890 2277 1012 2317 latera
1043 2277 1163 2317 ardua
1193 2278 1361 2330 fluctus,

171 2342 239 2373 530
260 2333 415 2373 Vastius
447 2337 658 2387 insurgens
689 2335 863 2375 decimae
896 2337 977 2376 ruit
1007 2337 1177 2388 impetus
1208 2336 1359 2383 undae,
