1554 2563
533 117 600 152 XII
614 146 622 162 ,
649 122 834 153 356—428
850 145 856 152 .
977 130 1149 153 mmmm
1280 115 1367 159 249

143 226 224 266 Nec
256 233 293 266 te
325 233 565 279 pugnantem
597 234 662 268 tua
680 260 691 280 ‚
724 228 872 280 Cyllare
892 259 903 280 ‚
934 228 1057 267 forma
1089 227 1279 277 redemit,

143 285 184 324 Si
215 286 330 325 modo
363 292 524 326 naturae
557 287 722 326 sormam
753 287 1005 326 concedimus
1036 286 1113 326 illi.

55 353 122 384 395
142 344 267 383 Barba
300 351 383 384 erat
414 347 607 397 incipiens
626 377 637 398 ‚
669 345 812 385 barbae
845 345 953 384 color
985 357 1129 385 aureus
1147 377 1159 398 ,
1190 356 1308 384 aurea

142 403 199 442 Ex
231 405 378 443 umeris
410 404 560 444 medios
592 417 702 444 coma
733 404 978 457 dependebat
1009 406 1048 443 in
1080 416 1233 443 armos.

143 462 285 501 Gratus
317 465 356 501 in
389 474 457 502 ore
489 465 628 517 vigor3
660 465 791 502 cervix
823 465 1028 514 umerique
1062 474 1279 513 manusque

143 521 385 572 Pectoraque
418 523 614 562 artificum
645 522 810 561 laudatis
842 524 1019 574 proxima
1051 523 1196 574 signis,

143 579 193 619 Et
225 592 470 632 quacumque
503 582 561 620 vir
593 586 682 621 est:
714 593 786 620 nec
818 583 910 632 equi
941 580 1128 620 mendosa
1160 579 1233 619 sub
1264 578 1331 619 illo

56 646 126 679 400
148 638 406 690 Deteriorque
438 641 520 678 viro
555 641 701 679 facies.
741 640 788 679 da
820 639 917 679 colla
950 645 1169 691 caputque,

143 697 304 737 Castore
337 698 477 749 dignus
510 700 613 738 erit:
645 700 702 738 sic
733 705 887 750 tergum
921 698 1086 751 sessile,
1117 699 1174 737 sic
1207 703 1311 737 stant

143 756 308 795 Pectora
339 756 441 796 celsa
473 758 599 797 toris:
632 763 738 797 totus
768 759 854 810 pice
888 759 1037 809 nigrior
1069 762 1175 809 atra,

144 814 315 854 Candida
346 816 468 855 cauda
501 822 630 855 tamen
650 848 661 869 ,
693 816 802 856 color
834 822 895 855 est
926 828 1082 868 quoque
1115 814 1299 855 cruribus

1235 872 1365 912 albus¹

145 933 285 973 Multae
318 933 426 973 illum
458 935 607 986 petiere
640 946 709 973 sua
741 934 788 973 de
821 941 936 986 gente
955 966 966 986 ,
998 934 1067 973 sed
1098 945 1176 973 una

55 999 122 1031 405
144 992 315 1031 Abstulit
345 992 560 1044 Hylonome
580 1025 591 1045 ‚
624 1005 698 1044 qua
730 993 835 1032 nulla
867 993 1070 1032 decentior
1101 994 1205 1031 inter

146 1051 360 1090 Semiferos
392 1051 479 1091 altis
510 1051 697 1091 habitavit
728 1052 871 1091 semina
903 1051 1032 1090 silvis.

145 1110 250 1150 Haec
281 1116 321 1149 et
350 1109 548 1150 blanditiis
580 1116 620 1150 et
651 1110 813 1150 amando
846 1117 885 1150 et
916 1122 1045 1149 amare
1078 1108 1234 1148 fatendo

146 1169 325 1221 Cyllaron
357 1181 434 1208 una
465 1175 602 1221 tenet;
634 1169 743 1209 cultu
775 1181 932 1221 quoque
950 1201 961 1221 ,
993 1174 1163 1220 quantus
1195 1169 1235 1206 in
1266 1165 1341 1206 illis

146 1227 243 1267 Esse
274 1233 406 1279 potest
435 1227 623 1267 membris
641 1260 652 1281 ,
684 1233 728 1267 ut
759 1229 811 1268 sit
842 1239 951 1267 coma
983 1228 1139 1279 pectine
1170 1225 1289 1277 levis,

58 1294 125 1327 410
146 1286 197 1326 Ut
227 1286 342 1326 modo
375 1298 464 1325 rore
496 1288 643 1339 maris,
675 1286 790 1326 modo
823 1299 865 1326 se
896 1286 1043 1326 violave
1075 1297 1212 1324 rosave

147 1345 324 1397 Implicet
341 1377 353 1398 ,
384 1346 583 1385 interdum
615 1347 793 1385 canentia
824 1345 903 1384 lilia
934 1350 1084 1398 gestet,

146 1404 290 1455 Bisque
323 1404 385 1444 die
416 1404 535 1455 lapsis
566 1404 759 1455 Pagaseae
791 1405 938 1443 vertice
970 1403 1087 1442 silvae

147 1462 337 1502 Fontibus
370 1474 437 1501 ora
469 1462 598 1514 lavet,
630 1462 690 1502 bis
721 1462 882 1501 flumine
914 1474 1079 1513 corpora
1111 1462 1285 1512 tinguat,

147 1521 228 1561 Nec
259 1523 335 1560 nisi
367 1533 465 1573 quae
497 1521 690 1573 deceant,
722 1521 1013 1572 electarumque
1046 1521 1219 1559 ferarum

60 1588 127 1620 415
147 1581 225 1620 Aut
256 1592 393 1619 umero
426 1586 492 1621 aut
522 1580 635 1619 lateri
665 1579 896 1631 praetendat
926 1579 1068 1618 vellera
1099 1578 1230 1617 laevo.

149 1640 224 1680 Par
257 1652 365 1679 amor
398 1647 457 1679 est
488 1638 594 1679 illis:
626 1644 760 1678 errant
791 1639 831 1677 in
863 1638 1063 1677 montibus
1094 1649 1195 1689 una,

150 1701 270 1738 Antra
302 1699 417 1738 simul
449 1699 645 1738 subeunt.
688 1702 728 1736 et
759 1703 842 1736 tum
874 1696 1074 1748 Lapitheia
1106 1701 1209 1736 tecta

150 1758 346 1797 intrarant
376 1759 524 1810 pariter
542 1788 553 1809 ‚
584 1757 733 1808 pariter
765 1757 846 1794 sera
878 1755 977 1794 bella
1008 1754 1218 1807 gerebant.

150 1817 297 1856 Auctor
328 1819 368 1855 in
400 1818 551 1856 incerto
584 1821 672 1868 est,
704 1814 874 1854 iaculum
905 1815 952 1854 de
984 1820 1095 1866 parte
1127 1814 1285 1853 sinistra

64 1884 131 1916 420
151 1875 294 1928 Venit,
326 1881 364 1914 et
395 1876 560 1914 inferius
579 1906 590 1926 ,
622 1885 738 1925 quam
770 1872 868 1912 collo
900 1880 1061 1924 pectora
1093 1871 1285 1923 subsunt,

152 1934 300 1986 Cyllare
319 1966 331 1987 ,
362 1940 400 1973 te
432 1934 542 1972 fixit.
575 1945 694 1985 parvo
727 1943 795 1971 cor
826 1931 988 1971 vulnere
1019 1931 1168 1970 laesum

152 1993 326 2046 Corpore
358 2005 448 2032 cum
480 1998 562 2031 toto
593 1997 683 2043 post
713 1990 788 2029 tela
821 1988 961 2029 educta
991 1990 1166 2028 refrixit.

152 2052 337 2092 Protinus
368 2051 582 2103 Hylonome
616 2051 828 2089 morientes
861 2050 1006 2100 excipit
1036 2054 1168 2101 artus,

153 2111 402 2162 inpositaque
434 2122 551 2149 manu
583 2108 724 2148 vulnus
756 2108 888 2160 fovet,
919 2119 1065 2159 oraque
1098 2106 1144 2145 ad
1171 2118 1239 2145 ora

68 2178 132 2209 425
152 2170 341 2209 Admovet
371 2176 488 2220 atque
520 2169 670 2207 animae
702 2168 866 2218 fugienti
898 2165 1090 2206 obsistere
1122 2171 1308 2217 temptat.

152 2228 204 2268 Ut
233 2228 339 2267 videt
369 2229 615 2279 extinctum,
647 2226 785 2278 dictis,
818 2237 916 2276 quae
949 2225 1094 2264 clamor
1126 2224 1173 2263 ad
1205 2235 1320 2263 aures

153 2289 289 2326 Arcuit
319 2288 377 2325 ire
409 2298 515 2325 meas
533 2317 544 2338 ,
576 2284 652 2324 telo
671 2316 683 2336 ,
714 2284 818 2336 quod
850 2283 1071 2323 inhaeserat
1101 2283 1179 2336 illi,

154 2345 365 2396 incubuit,
403 2346 654 2395 moriensque
693 2355 808 2383 suum
846 2342 1045 2395 complexa
1076 2343 1259 2381 maritum
1292 2347 1372 2380 est.
