1554 2563
612 118 646 152 II
661 144 669 161 ,
696 120 881 154 800—873
896 144 904 152 .
1072 128 1207 153 eunom
1376 117 1432 158 45

209 224 317 267 ‘Fide
342 224 538 267 minister’
570 229 624 267 ait
655 224 869 267 ‘iussorum
887 259 899 280 ,
931 233 1020 266 nate
1039 259 1050 279 ,
1082 238 1286 281 meorum,

206 285 312 325 Pelle
344 297 517 339 moram,
548 285 742 337 solitoque
774 285 879 325 celer
911 285 1092 325 delabere
1124 298 1268 339 cursu,

209 344 395 396 Quaeque
427 350 534 384 tuam
565 350 731 384 matrem
762 344 878 384 tellus
909 357 930 383 a
960 350 1072 396 parte
1104 345 1262 384 sinistra

119 410 189 443 840
210 403 412 455 Suspicit,
443 403 649 454 indigenae
682 402 867 442 Sidonida
899 404 1056 442 nomine
1087 403 1248 456 dicunt,

207 461 316 501 Hanc
346 467 467 514 pete3
499 461 682 513 quodque
713 461 852 513 procul
890 467 1076 500 montano
1114 462 1288 513 gramine
1326 460 1434 513 pasci

206 521 438 559 Armentum
468 520 598 572 regale
629 520 737 559 vides
755 552 767 573 ,
798 520 845 559 ad
875 519 990 559 litora
1021 525 1129 559 verte
1144 517 1168 559 .'

208 578 341 618 Dixit:
379 585 418 618 et
449 578 601 630 expulsi
632 578 846 619 iandudum
877 584 1010 618 monte
1042 580 1197 618 iuvenci

208 637 340 677 Litora
370 639 477 676 iussa
507 644 677 689 petunt,
709 637 777 677 ubi
808 639 938 689 magni
968 637 1045 676 filia
1076 639 1180 689 regis

120 703 188 735 845
208 695 363 735 Ludere
394 695 610 747 virginibus
642 695 771 747 Tyriis
803 697 985 736 comitata
1017 695 1185 735 solebat.

207 754 293 793 Non
325 754 426 794 bene
458 756 697 794 conveniunt
727 767 801 794 nec
831 757 872 794 in
903 767 980 794 una
1013 754 1105 794 sede
1136 759 1341 794 morantur

209 813 390 852 Maiestas
423 819 462 853 et
493 825 631 853 amor.
670 815 817 865 sceptri
848 815 1037 865 gravitate
1068 812 1205 852 relicta

208 871 276 911 Ille
307 877 419 924 pater
450 878 662 923 rectorque
694 872 810 912 deum
829 904 841 925 ‚
873 874 937 911 cui
969 872 1104 911 dextra
1135 871 1309 911 trisulcis

208 930 368 982 Ignibus
401 937 547 970 armata
579 936 668 983 est,
700 932 767 982 qui
799 936 899 970 nutu
932 932 1109 970 concutit
1139 930 1298 982 orbem,

121 996 189 1030 850
209 988 390 1029 Induitur
420 990 560 1028 faciem
591 991 694 1029 tauri
724 991 947 1041 mixtusque
978 990 1155 1028 iuvencis
1294 996 1324 1022 1-
1344 996 1431 1023 xxvi·

132 1091 137 1094 ,
208 1048 332 1100 Mugit
362 1054 402 1087 et
431 1050 472 1087 in
503 1050 652 1088 teneris
682 1048 879 1088 formosus
911 1047 1135 1087 obambulat
1164 1046 1322 1086 herbis.

211 1106 366 1158 Quippe
398 1107 506 1146 color
538 1108 638 1146 nivis
670 1113 759 1158 est,
792 1118 908 1158 quam
939 1118 1013 1145 nec
1044 1107 1208 1157 vestigia
1240 1105 1330 1145 duri

210 1165 414 1205 Calcavere
446 1165 557 1217 pedis
588 1177 662 1204 nec
693 1165 808 1205 solvit
838 1166 1042 1216 aquaticus
1075 1170 1231 1204 auster.

209 1223 316 1263 Colla
346 1226 443 1263 toris
476 1230 638 1276 extant3
670 1226 788 1263 armis
819 1223 987 1276 palearia
1018 1223 1216 1275 pendent:

121 1290 188 1323 855
209 1282 364 1322 Cornua
395 1295 512 1334 parva
543 1282 725 1336 quidem,
757 1282 825 1322 sed
858 1295 956 1334 quae
989 1282 1229 1321 contendere
1260 1282 1388 1333 possis

209 1341 326 1381 Facta
356 1353 474 1381 manu
492 1373 503 1393 ‚
535 1353 712 1393 puraque
743 1343 867 1393 magis
898 1340 1099 1393 perlucida
1130 1351 1306 1392 gemma.

210 1399 346 1439 Nullae
377 1402 418 1439 in
449 1401 578 1439 fronte
610 1402 737 1439 minae
755 1431 768 1453 ,
798 1412 872 1439 nec
903 1399 1148 1439 formidabile
1178 1399 1335 1438 lumen:

210 1459 351 1498 Pacem
382 1459 512 1498 vultus
538 1458 656 1498 habet
674 1490 683 1498 .
721 1460 887 1498 miratur
917 1459 1097 1509 Agenore
1128 1463 1241 1509 nata,

212 1517 325 1563 Quod
356 1523 435 1556 tam
466 1517 662 1556 formosus
680 1548 692 1570 ‚
723 1517 827 1568 quod
854 1517 1002 1568 proelia
1027 1516 1133 1555 nulla
1163 1517 1360 1566 minetur,

123 1583 192 1616 860
213 1575 290 1615 Sed
323 1577 498 1627 quamvis
529 1577 687 1628 mitem,
718 1576 859 1615 metuit
890 1576 1118 1626 contingere
1150 1575 1302 1626 primo:

211 1633 300 1673 Mox
326 1634 434 1687 adit,
466 1640 506 1673 et
535 1634 653 1673 ssores
686 1633 733 1672 ad
765 1633 928 1673 candida
959 1634 1125 1685 porrigit
1156 1645 1249 1672 ora.

213 1692 364 1732 Gaudet
395 1705 527 1732 amans
559 1699 627 1745 et,
658 1692 752 1732 dum
783 1693 913 1731 veniat
942 1697 1098 1744 sperata
1129 1691 1331 1744 voluptas,

213 1751 355 1791 Oscula
388 1751 454 1791 dat
483 1751 692 1791 manibus.
729 1753 792 1790 vix
822 1752 928 1803 iam,
960 1752 1022 1789 vix
1054 1756 1186 1790 cetera
1217 1750 1369 1790 differt.

67 1861 70 1864 ⁴
212 1810 264 1850 Et
293 1822 398 1850 nunc
430 1810 595 1863 alludit,
626 1810 820 1861 viridique
852 1809 999 1849 exultat
1028 1810 1069 1848 in
1100 1808 1245 1861 herba,

125 1876 194 1909 865
213 1869 328 1909 Nunc
358 1869 459 1908 latus
489 1870 531 1908 in
562 1869 677 1908 fulvis
708 1870 866 1908 niveum
899 1868 1060 1919 deponit
1089 1867 1271 1920 harenis;

213 1928 483 1980 Paulatimque
514 1933 623 1967 metu
654 1927 810 1979 dempto
837 1926 952 1965 modo
984 1931 1145 1978 pectora
1174 1925 1337 1978 praebet

214 1986 395 2038 Virginea
425 1986 615 2039 palpanda
646 1998 764 2026 manu
782 2018 793 2039 ,
818 1985 932 2025 modo
965 1996 1112 2024 cornua
1137 1986 1255 2024 sertis

214 2045 452 2097 Inpedienda
483 2047 594 2085 novis
614 2076 623 2084 .
660 2056 754 2084 ausa
785 2050 847 2084 est
877 2055 1034 2095 quoque
1065 2044 1172 2094 regia
1203 2044 1336 2095 virgo,

215 2103 354 2143 Nescia
386 2115 503 2155 quem
533 2109 734 2156 premeret
751 2134 762 2156 ,
792 2109 903 2155 tergo
936 2101 1141 2142 considere
1166 2103 1294 2142 tauri:

128 2169 196 2202 870
216 2161 314 2202 Cum
345 2162 442 2202 deus
474 2175 496 2201 a
525 2168 632 2202 terra
664 2163 848 2213 siccoque
880 2174 901 2200 a
932 2161 1047 2201 litore
1079 2161 1226 2200 sensim

214 2221 325 2260 Fissa
354 2221 500 2272 pedum
530 2223 667 2272 primis
698 2221 861 2272 vestigia
890 2221 1003 2271 ponit
1032 2221 1073 2259 in
1104 2219 1243 2271 undis,

215 2279 310 2319 Inde
342 2279 423 2319 abit
451 2279 617 2319 ulterius
636 2311 647 2332 ,
678 2278 875 2330 mediique
906 2290 978 2330 per
1010 2289 1180 2330 aequora
1209 2278 1321 2330 ponti

215 2337 310 2377 Fert
338 2337 523 2390 praedam
549 2369 565 2387 ς
594 2343 709 2390 pavet
738 2337 834 2377 haec
866 2336 1038 2389 litusque
1070 2336 1195 2377 ablata
1226 2336 1407 2376 relictum
