1554 2563
632 116 664 151 X
682 144 690 161 ,
718 121 831 151 1-70
847 145 854 152 .
1017 130 1170 152 omasus
1338 116 1418 158 197

197 226 412 266 Tendimus
430 226 507 266 huc
528 239 663 266 omnes
681 258 693 279 ,
724 226 820 266 haec
847 233 907 266 est
925 226 1065 266 domus
1086 227 1219 266 ultima
1233 259 1244 280 ,
1274 239 1420 279 vosque

133 294 176 324 35
197 286 366 326 Humani
398 287 554 337 generis
587 286 812 337 longissima
844 298 964 337 regna
995 287 1162 325 tenetis.

195 344 300 384 Haec
333 356 520 397 quoque,
553 357 643 384 cum
674 346 799 383 iustos
832 350 984 384 matura
1015 346 1214 396 peregerit
1245 357 1392 397 annOS,

196 403 298 442 Iuris
330 405 406 443 erit
436 404 586 443 vestri:
617 415 688 455 pro
722 415 885 442 munere
916 405 1116 455 poscimus
1146 416 1284 443 usum.

197 461 309 508 Quod
343 464 376 501 si
407 462 483 501 fata
514 469 658 513 negant
689 463 839 501 veniam
870 474 942 514 pro
969 464 1158 516 coniuge,
1191 468 1343 502 certum
1362 469 1423 502 est

196 520 305 560 Nolle
338 520 469 560 redire
500 521 625 560 mihi:
656 520 734 560 leto
766 521 932 572 gaudete
966 518 1173 560 duorum.'

132 587 177 619 40
197 579 303 618 Talia
335 580 531 619 dicentem
562 592 781 631 nervosque
815 580 860 618 ad
893 579 1010 618 verba
1042 587 1262 620 moventem

197 637 425 690 Exsangues
456 638 601 678 flebant
632 640 812 677 animae:
844 651 917 678 nec
948 638 1133 678 Tantalus
1166 640 1310 679 undam

199 697 374 749 Captavit
404 698 581 749 refugam
600 729 611 749 ,
643 699 872 749 stupuitque
904 697 1049 737 Ixionis
1080 697 1210 751 orbis,

197 756 278 795 Nec
310 768 493 808 carpsere
525 758 636 796 iecur
666 756 846 795 volucres
865 788 876 809 ‚
908 758 1097 807 urnisque
1128 763 1318 796 vacarunt

196 814 350 854 Belides
369 847 380 867 ,
410 817 528 867 inque
561 821 629 854 tuo
663 815 828 866 sedisti,
860 815 1054 868 Sisyphe,
1087 828 1200 855 saxo.

134 882 177 912 45
199 874 310 913 Tunc
341 875 512 925 primum
544 874 715 913 lacrimis
746 876 938 913 victarum
969 876 1141 913 carmine
1174 875 1273 913 fama
1305 881 1365 914 est

197 932 460 972 Eumenidum
491 933 687 972 maduisse
718 945 865 985 genaS.
904 945 977 972 nec
1003 935 1108 984 regia
1141 935 1311 972 coniunx

199 992 378 1031 Sustinet
407 993 563 1044 oranti,
596 1004 668 1031 nec
701 994 768 1043 qui
799 993 900 1043 regit
930 994 1006 1030 ima
1025 1023 1036 1043 ‚
1069 1004 1234 1043 negare:

198 1050 500 1102 Eurydicenque
531 1056 698 1090 vocant.
737 1050 896 1089 umbras
928 1057 1012 1089 erat
1042 1050 1105 1089 illa
1136 1056 1317 1090 recentes

200 1109 306 1148 Inter
325 1141 336 1162 ,
369 1115 408 1148 et
437 1112 600 1149 incessit
630 1122 748 1161 passu
781 1110 829 1148 de
860 1109 1021 1148 vulnere
1053 1109 1187 1148 tardo.

135 1176 177 1206 50
199 1168 307 1207 Hanc
339 1168 455 1207 simul
487 1174 527 1208 et
555 1168 681 1220 legem
708 1168 959 1220 Rhodopeius
992 1169 1133 1219 accipit
1164 1167 1370 1221 Orpheus,

198 1226 254 1266 Ne
286 1226 418 1266 flectat
448 1233 556 1266 retro
588 1240 657 1267 sua
688 1227 835 1266 lumina
852 1259 864 1279 ,
896 1227 1021 1266 donec
1052 1228 1223 1266 Avernas

198 1285 350 1324 Exierit
380 1285 528 1338 valles3
560 1292 627 1326 aut
657 1288 768 1325 irrita
800 1286 899 1324 dona
932 1286 1087 1325 futura.

200 1344 382 1396 Carpitur
414 1345 568 1384 acclivis
600 1358 671 1397 per
702 1351 809 1384 muta
841 1345 994 1384 silentia
1026 1350 1195 1397 trames,

199 1402 354 1442 Arduus
373 1435 383 1455 ‚
416 1403 608 1443 obscurus
627 1435 638 1456 ‚
670 1404 831 1454 caligine
864 1403 1009 1442 densus
1041 1416 1181 1455 opaca.

135 1470 177 1500 55
199 1462 279 1501 Nec
310 1462 449 1514 procul
481 1463 665 1501 afuerunt
695 1462 846 1501 telluris
879 1463 1052 1513 margine
1086 1473 1283 1502 summae:

200 1521 272 1560 Hic
292 1553 302 1573 ‚
334 1533 383 1560 ne
416 1521 633 1571 deficeret,
665 1527 876 1572 metuens,
909 1520 1124 1572 avidusque
1155 1521 1336 1574 videndi,

199 1579 325 1618 Flexit
356 1591 488 1619 amans
520 1579 685 1619 oculos:
717 1586 756 1618 et
786 1580 967 1630 protinus
998 1579 1061 1618 illa
1093 1579 1245 1630 relapsa
1277 1586 1360 1631 est,

199 1638 465 1690 Bracchiaque
496 1638 705 1677 intendens
736 1638 955 1689 prendique
993 1644 1033 1676 et
1063 1638 1259 1690 prendere
1292 1643 1424 1678 certus

200 1697 262 1736 Nil
294 1698 369 1736 nisi
401 1697 586 1736 cedentes
617 1697 753 1736 infelix
785 1698 923 1748 arripit
955 1709 1094 1736 auras.

136 1764 180 1794 60
201 1756 359 1807 Iamque
390 1757 536 1796 iterum
567 1757 740 1794 moriens
772 1767 851 1794 non
872 1761 931 1794 est
956 1755 1004 1794 de
1030 1757 1194 1807 coniuge
1216 1757 1425 1807 quicquam

201 1814 347 1860 Questa
380 1827 481 1854 suo:
514 1814 605 1866 quid
640 1816 743 1853 enim
777 1815 851 1852 nisi
885 1826 926 1853 se
959 1821 1195 1865 quereretur
1227 1812 1427 1854 amatam?

201 1873 516 1925 Supremumque
548 1873 630 1912 vale
650 1905 661 1925 ‚
693 1872 795 1924 quod
829 1874 904 1911 iam
935 1874 996 1911 vix
1023 1873 1184 1912 auribus
1216 1873 1279 1912 ille

199 1933 436 1985 Acciperet,
467 1932 594 1984 dixit,
626 1931 880 1982 revolutaque
912 1944 1052 1970 rursus
1085 1931 1222 1970 eodem
1255 1939 1336 1971 est.

200 1990 286 2029 Non
318 1989 430 2030 aliter
462 1992 614 2042 stupuit
645 1992 796 2042 gemina
829 2002 926 2029 nece
958 1991 1135 2041 coniugis
1168 1989 1374 2043 Orpheus,

137 2057 180 2088 65
203 2049 327 2095 Quam
358 2051 433 2089 tria
465 2051 533 2101 qui
564 2049 724 2089 timidus
744 2081 755 2101 ,
786 2048 914 2088 medio
945 2054 1127 2100 portante
1160 2054 1338 2102 catenas,

201 2107 306 2146 Colla
337 2110 445 2147 canis
477 2108 601 2159 vidit3
636 2120 752 2159 quem
784 2119 862 2146 non
894 2119 1014 2159 pavor
1046 2112 1134 2146 ante
1167 2107 1351 2160 reliquit,

201 2166 326 2212 Quam
351 2173 489 2206 natura
514 2168 624 2219 prior
642 2199 653 2219 ‚
685 2178 776 2205 saxo
801 2178 872 2218 per
899 2178 1043 2217 corpus
1070 2165 1233 2206 oborto:
1287 2173 1316 2200 ί.
1338 2172 1425 2201 cxlv-

201 2225 355 2277 Quique
387 2227 428 2264 in
460 2237 502 2264 se
534 2227 683 2264 crimen
716 2226 835 2263 traxit
865 2224 1065 2275 voluitque
1097 2224 1220 2264 videri

201 2282 345 2323 Olenos
377 2296 464 2323 esse
496 2295 642 2323 nocens
662 2315 672 2335 ‚
704 2290 826 2334 tuque
846 2314 857 2335 ‚
888 2295 910 2321 o
943 2283 1087 2322 confisa
1118 2283 1291 2335 figurae,

136 2349 180 2381 ‘10
202 2341 339 2381 Infelix
370 2341 539 2382 Lethaea
559 2374 570 2394 ,
601 2348 691 2381 tuae
710 2373 722 2395 ,
754 2343 999 2381 iunctissima
1031 2342 1239 2393 quondam-
