1554 2563
586 114 656 150 VII
672 141 681 158 ‚
707 118 870 150 45-118
882 143 889 150 .
1051 128 1167 150 munna
1325 115 1407 157 129

186 225 252 264 Sic
282 227 359 263 iam
390 224 520 263 lentus
551 237 689 277 amor,
719 225 795 263 iam
828 236 945 276 quem
977 224 1162 276 languere
1194 231 1380 278 putares,

187 282 237 322 Ut
268 283 364 322 vidit
394 285 574 322 iuvenem
594 315 605 334 ‚
637 284 768 334 specie
799 285 1020 334 praesentis
1051 285 1191 323 inarsit
1204 283 1232 334 .]

185 340 236 380 Et
266 354 358 380 casu
391 342 504 381 solito
536 342 745 380 formosior
776 341 927 380 Aesone
960 347 1075 381 natus

122 408 166 440 85
187 400 254 439 Illa
284 400 372 439 luce
404 400 506 440 suit:
537 412 675 451 posses
706 401 911 451 ignoscere
943 402 1109 440 amanti.

188 458 375 511 Spectat,
407 464 446 497 et
476 460 517 497 in
548 458 658 497 vultu
689 458 810 498 veluti
841 464 924 498 tum
956 459 1125 510 denique
1157 460 1239 498 viso

186 517 351 556 Lumina
382 518 456 556 lixa
487 523 625 569 tenet,
656 529 729 556 nec
760 529 802 556 se
834 517 1012 556 mortalia
1044 518 1204 557 demens

187 575 266 615 Ora
296 576 429 614 videre
461 581 601 628 putat,
633 588 707 614 nec
739 588 780 614 se
813 575 982 615 declinat
1013 575 1061 615 ab
1091 576 1181 615 illo.

188 634 239 673 Ut
270 646 361 673 vero
395 635 602 686 coepitque
634 634 742 685 loqui
774 634 1030 686 dextramque
1062 634 1272 686 prehendit

123 702 167 733 90
187 692 370 746 Hospes,
401 698 441 731 et
472 692 658 732 auxilium
690 694 898 732 summissa
930 705 1024 732 voce
1056 695 1230 747 rogavit,

187 752 452 802 Promisitque
485 758 614 790 torum
633 783 644 804 ‚
676 751 847 791 lacrimis
880 753 933 791 ait
963 752 1025 790 illa
1057 753 1253 803 profusis:

189 807 306 856 ‘Quid
338 810 476 849 faciam
495 842 506 862 ‚
538 810 680 850 video:
711 822 784 849 nec
816 822 877 849 me
910 812 1128 861 ignorantia
1160 812 1243 850 veri

188 868 366 920 Decipiet
384 900 395 921 ‚
427 869 496 907 sed
529 881 666 907 amor.
705 868 912 908 servabere
939 881 1104 908 munere
1136 875 1295 909 nostro:

190 927 374 966 Servatus
406 928 599 978 promissa
630 927 718 966 dato
735 924 759 966 .’
790 939 862 979 per
893 940 1003 966 sacra
1037 928 1225 966 triformis

123 994 168 1026 95
188 985 256 1025 Ille
289 985 382 1024 deae
401 1017 413 1038 ‚
443 986 613 1037 lucoque
645 987 748 1025 foret
780 985 883 1037 quod
915 998 1062 1025 numen
1093 988 1133 1025 in
1166 986 1254 1039 1110,

187 1044 342 1096 Perque
373 1050 526 1096 patrem
557 1046 686 1084 soceri
716 1050 945 1084 cernentem
977 1050 1117 1084 cuncta
1149 1045 1296 1098 futuri,

188 1103 441 1154 Eventusque
474 1115 567 1142 suos
599 1108 639 1142 et
670 1109 775 1142 tanta
807 1103 980 1154 pericula
1011 1105 1137 1142 iurat.

192 1161 374 1200 Creditus
407 1163 557 1213 accepit
589 1167 761 1201 cantatas
793 1163 975 1213 protinus
1007 1161 1173 1214 herbas,

189 1219 438 1271 Edidicitque
470 1233 615 1273 usum,
646 1220 850 1271 laetusque
882 1221 921 1259 in
955 1225 1061 1259 tesca
1092 1222 1279 1261 recessit.

106 1288 170 1319 100
248 1278 411 1318 Postera
443 1278 647 1330 depulerat
678 1278 808 1318 stellas
840 1291 982 1318 aurora
1014 1280 1226 1319 micantes:

192 1338 440 1377 Conveniunt
470 1337 605 1389 populi
637 1349 794 1377 sacrum
825 1337 1009 1376 Mavortis
1042 1339 1081 1376 in
1114 1350 1274 1390 arvum,

192 1396 498 1447 Consistuntque
530 1397 660 1447 iugis.
698 1396 827 1435 medio
859 1408 928 1435 rex
958 1397 1042 1447 ipse
1074 1396 1222 1436 resedit.

192 1455 352 1506 Agmine
384 1467 610 1505 purpureus
641 1461 876 1506 sceptroque
908 1455 1073 1505 insignis
1105 1454 1278 1495 eburno.

191 1513 292 1552 Ecce
325 1513 562 1552 adamanteis
595 1511 801 1552 vulcanum
833 1512 993 1551 naribus
1025 1512 1158 1552 esssant

107 1579 171 1612 105
192 1571 404 1623 Aeripedes
437 1573 569 1624 tauri,
601 1576 804 1622 tactaeque
836 1570 1046 1622 vaporibus
1076 1571 1222 1611 herbae

193 1631 369 1670 Ardent.
408 1636 529 1681 utque
562 1629 689 1669 solent
721 1629 826 1681 pleni
851 1641 1037 1668 resonare
1070 1631 1233 1683 camini,

193 1690 270 1728 Aut
302 1688 368 1728 ubi
400 1694 558 1728 terrena
589 1688 718 1727 silices
751 1689 908 1727 fornace
941 1687 1059 1727 soluti

194 1747 430 1799 Concipiunt
459 1749 591 1798 ignem
620 1747 858 1798 liquidarum
890 1747 1094 1798 aspergine
1127 1759 1340 1799 aquarum3

47 1857 50 1860 ἦ
193 1806 359 1845 Pectora
391 1807 447 1845 sic
479 1808 585 1845 intus
618 1806 769 1845 clausas
801 1804 991 1844 volventia
1023 1805 1195 1845 flammas

108 1873 174 1905 110
194 1864 439 1916 Gutturaque
472 1870 558 1904 usta
590 1869 758 1903 sonant.
797 1869 927 1903 tamen
957 1863 1034 1902 illis
1065 1864 1217 1903 Aesone
1250 1871 1363 1905 natus

196 1923 343 1963 Obvius
373 1925 432 1962 it.
470 1929 624 1962 vertere
657 1930 790 1962 truces
822 1923 1015 1961 venientis
1047 1922 1094 1961 ad
1126 1935 1194 1961 ora

194 1981 408 2021 Terribiles
439 1981 569 2021 vultus
600 1982 848 2033 praefixaque
880 1992 1027 2019 cornua
1058 1981 1188 2033 ferro,

195 2040 508 2092 Pulvereumque
541 2040 667 2079 solum
699 2040 797 2092 pede
829 2039 1034 2090 pulsavere
1065 2038 1241 2093 bisulco,

195 2099 471 2150 Fumificisque
504 2098 633 2138 locum
666 2097 879 2149 mugitibus
910 2097 1194 2149 impleverunt.

111 2164 175 2196 115
195 2157 409 2209 Deriguere
444 2163 549 2196 metu
582 2157 760 2209 Minyae.
800 2155 906 2196 subit
936 2155 1000 2195 ille
1017 2187 1029 2208 ,
1060 2168 1134 2195 nec
1165 2157 1276 2207 ignes

195 2215 325 2255 Sentit
355 2215 554 2254 anhelatos
593 2237 647 2243 —
688 2221 839 2254 tantum
878 2214 1133 2253 medicamina
1163 2221 1330 2267 possunt
1362 2236 1413 2246 -v

196 2274 449 2326 Pendulaque
482 2274 619 2313 audaci
650 2274 797 2313 mulcet
827 2273 996 2324 palearia
1027 2273 1187 2326 dextra,

197 2332 506 2385 Subpositosque
538 2334 629 2384 iugo
662 2332 815 2384 pondus
845 2343 961 2384 grave
994 2333 1098 2385 cogit
1128 2333 1246 2372 aratri

149 2405 332 2433 ovn).11.
1113 2401 1134 2434 9
