1554 2563
177 83 262 125 256
330 96 467 118 Annon.
493 96 655 118 mmciuu
727 81 964 118 METAMM.

296 193 355 232 Sit
385 193 477 232 licet
507 192 582 231 hoc
613 193 752 244 ingens
770 224 782 245 ,
814 193 1002 244 quicquid
1034 193 1206 244 speravit
1235 192 1390 234 Ulixes,

294 252 373 290 Iste
405 251 495 291 tulit
524 252 695 303 pretium
728 253 803 290 iam
835 264 941 291 nunc
973 253 1236 303 temptaminis
1267 251 1409 305 huius,

232 319 275 350 20
296 311 382 356 Quo
415 322 506 349 cum
537 311 664 350 victus
696 311 799 362 erit,
831 322 986 349 mecum
1018 316 1190 349 certasse
1223 310 1396 350 feretur.

295 370 422 420 Atque
454 381 526 420 ego
544 400 555 421 ,
588 370 621 407 si
651 370 776 408 virtus
807 371 846 408 in
879 381 941 408 me
973 368 1197 408 dubitabilis
1229 375 1357 422 esset,

295 427 506 467 Nobilitate
538 433 679 479 potens
712 440 868 480 essem3
899 427 1109 466 Telamone
1141 434 1322 481 creatus,

296 486 448 525 Moenia
481 488 548 537 qui
579 487 673 525 forti
703 486 870 525 Troiana
902 486 975 525 sub
1006 486 1175 525 Hercule
1208 488 1334 539 cepit,

295 544 506 597 Litoraque
538 546 697 584 intravit
727 544 895 597 Pagasea
928 544 1070 584 Colcha
1101 546 1255 584 carina.

231 611 276 644 25
296 604 446 643 Aeacus
478 604 569 643 huic
600 609 711 656 pater
743 610 832 657 est,
865 605 932 655 qui
964 606 1050 642 iura
1081 603 1287 643 silentibus
1318 604 1398 643 illic

295 662 467 715 Reddit,
498 662 566 702 ubi
598 662 784 701 Aeoliden
817 675 953 702 saxum
984 674 1099 714 grave
1128 662 1322 714 Sisyphon
1353 669 1511 715 urguet.

295 723 450 760 Aeacon
481 723 659 773 agnoscit
689 733 866 760 summus
897 721 1139 773 prolemque¹
1160 722 1304 761 fatetur

296 781 474 832 Iuppiter
506 792 593 819 esse
625 792 735 834 suam
754 811 763 819 .
808 782 863 819 sic
896 779 942 819 ab
974 780 1064 819 Iove
1096 782 1238 819 tertius
1269 781 1386 821 Aiax,

296 839 377 878 Nec
408 846 538 878 tamen
569 839 666 878 haee
697 840 821 878 series
852 840 892 878 in
925 851 1082 878 causam
1113 840 1266 892 prosit,
1298 839 1456 892 Achivi,

232 906 277 938 30
299 897 340 936 Si
373 898 468 937 mihi
500 910 589 937 cum
621 910 760 949 magno
792 910 870 936 non
902 903 963 936 est
994 899 1213 937 communis
1245 898 1415 937 Achille.

298 957 436 995 Frater
468 962 581 1008 erat3
613 957 785 996 fraterna
816 961 907 1008 peto
928 987 936 995 .
975 956 1068 1008 quid
1100 958 1289 1007 sanguine
1322 963 1455 996 cretus

299 1015 478 1067 Sisyphio
498 1047 508 1067 ,
540 1017 734 1067 furtisque
767 1021 806 1054 et
836 1015 973 1054 fraude
1006 1015 1225 1054 simillimus
1256 1015 1312 1054 illi

297 1074 441 1113 Inserit
471 1074 648 1113 Aeacidis
680 1073 827 1113 alienae
859 1075 1016 1112 nomina
1047 1071 1210 1125 gentis?

296 1134 354 1171 An
387 1132 490 1183 quod
523 1134 563 1171 in
595 1144 700 1171 arma
731 1134 840 1184 prior
871 1132 1057 1183 nulloque
1090 1131 1162 1174 sub
1195 1132 1323 1171 indice
1359 1134 1468 1186 veni,

233 1199 277 1231 35
298 1191 414 1229 Arma
446 1191 621 1241 neganda
653 1188 789 1229 mihi?
818 1192 1027 1242 potiorque
1060 1190 1256 1230 videbitur
1287 1190 1375 1242 ille,

297 1249 438 1288 Ultima
471 1251 538 1300 qui
570 1251 701 1301 cepit,
734 1249 1042 1300 detrectavitque
1075 1250 1209 1288 furore

297 1308 472 1347 Militiam
504 1309 593 1346 ficto
612 1339 624 1360 ,
656 1308 781 1347 donec
813 1307 1009 1346 sollertior
1039 1309 1114 1346 isto

299 1366 376 1405 Sed
409 1366 483 1405 sibi
514 1366 690 1405 inutilior
721 1366 847 1405 timidi
879 1372 1098 1405 commenta
1129 1368 1272 1406 retexit

298 1425 532 1476 Naupliades
565 1426 711 1477 animi,
743 1426 939 1476 vitataque
972 1426 1089 1464 traxit
1119 1426 1159 1464 in
1192 1423 1333 1465 arma?

233 1493 278 1524 40
299 1483 453 1536 Optima
485 1496 580 1523 num
611 1489 735 1523 sumat
756 1515 768 1537 ,
801 1485 890 1535 quia
923 1496 1078 1523 sumere
1110 1483 1236 1523 noluit
1266 1481 1379 1523 ulla?

298 1542 377 1581 Nos
402 1543 625 1581 inhonorati
657 1550 696 1581 et
727 1542 846 1581 donis
870 1542 1113 1593 patruelibus
1146 1542 1256 1596 orbi,

299 1601 521 1640 Obtulimus
553 1603 643 1652 quia
675 1613 747 1640 nos
779 1601 825 1640 ad
856 1602 982 1652 prima
1013 1601 1216 1655 pericula,
1248 1599 1405 1641 simus?

299 1661 423 1711 Atque
450 1661 599 1699 utinam
626 1666 692 1699 aut
716 1672 832 1698 verus
858 1660 969 1698 furor
988 1660 1051 1698 ille
1070 1691 1081 1712 ,
1107 1666 1174 1699 aut
1199 1661 1373 1700 creditus
1394 1666 1521 1714 esset,

297 1719 378 1757 Nec
411 1731 542 1758 comes
574 1719 638 1758 hic
669 1718 856 1770 Phrygias
889 1731 1074 1769 umquam
1106 1720 1277 1758 venisset
1309 1719 1355 1758 ad
1387 1731 1498 1758 arces

233 1786 277 1816 45
299 1776 486 1817 Hortator
518 1776 742 1816 scelerum!
776 1789 854 1815 non
886 1782 923 1815 te
942 1808 953 1829 ‚
985 1777 1170 1816 Poeantia
1201 1777 1357 1830 proles,

299 1836 529 1887 Expositum
560 1835 728 1875 Lemnos
761 1841 895 1874 nostro
928 1847 1018 1874 cum
1051 1837 1214 1874 crimine
1246 1836 1432 1876 haberet:

299 1895 375 1940 Qui
406 1907 512 1933 nunc
530 1926 541 1947 ‚
572 1900 617 1934 ut
647 1899 894 1946 memorant,
926 1893 1172 1933 silvestribus
1211 1894 1365 1934 abditus
1398 1896 1520 1934 antris

300 1953 397 1992 Saxa
429 1965 562 1992 moves
593 1955 769 2005 gemitu,
801 1951 1104 2003 Laertiadaeque
1136 1955 1310 2004 precaris

299 2017 405 2057 Quae
438 2013 611 2063 meruit,
644 2023 742 2062 quae
761 2043 772 2063 ,
804 2013 837 2050 si
873 2011 912 2050 di
944 2017 1035 2049 sunt
1053 2043 1064 2063 ‚
1096 2023 1173 2049 non
1201 2024 1296 2051 vana
1321 2014 1518 2064 precaris.

235 2078 279 2110 50
298 2069 349 2109 Et
380 2082 485 2109 nunc
517 2070 580 2109 ille
613 2070 749 2109 eadem
781 2069 894 2108 nobis
925 2071 1076 2108 iuratus
1109 2071 1148 2108 in
1181 2082 1310 2123 arma,

297 2127 407 2168 Heu!
438 2141 528 2180 pars
561 2141 638 2168 una
669 2129 814 2168 ducum
833 2160 844 2180 ‚
876 2140 952 2179 quo
985 2140 1215 2167 successore
1248 2130 1409 2180 sagittae

298 2187 479 2226 Herculis
511 2193 708 2240 utuntur,
740 2188 889 2226 fractus
921 2185 1138 2237 morboque
1172 2188 1350 2239 fameque

300 2245 534 2296 Velaturque
567 2246 762 2297 aliturque
794 2245 928 2284 avibus
947 2276 958 2296 ,
989 2245 1248 2297 volucresque
1279 2245 1449 2298 petendo

298 2303 436 2342 Debita
467 2304 647 2343 Troianis
679 2309 837 2343 exercet
868 2303 1017 2357 spicula
1049 2304 1160 2343 fatis.
