1554 2563
576 139 631 185 X,
658 143 867 176 507—579.
911 153 1060 177 anoms.
1086 154 1267 177 namra
1316 142 1399 184 211

175 250 329 304 Possit,
360 250 512 303 Adoni,
543 256 698 304 monet,
730 247 892 290 “fortis'
924 263 1000 303 que
1033 249 1252 303 ‘fugacibus
1279 258 1362 292 esto
1376 249 1402 292 ε’

176 309 308 361 Inquit
340 306 395 349 ‘in
427 308 594 349 audaces
625 321 704 349 non
737 315 798 349 est
829 309 988 349 audacia
1019 316 1124 350 tuta.

89 375 156 408 ⁵45
176 367 298 408 Parce
330 380 417 407 meo
437 399 448 420 ‚
478 369 631 407 iuvenis
649 400 660 420 ‚
691 370 924 408 temerarius
957 381 1043 408 esse
1075 369 1246 422 periclo;

176 427 280 466 Neve
313 427 445 479 feras,
478 425 621 478 quibus
654 438 759 466 arma
791 426 899 466 dedit
930 433 1098 481 natura,
1131 428 1302 481 lacesse,

177 485 264 524 Stet
295 485 390 525 mihi
420 497 469 524 ne
501 497 641 537 magno
672 491 740 525 tua
773 485 923 537 gloria.
961 498 1040 525 non
1072 492 1202 526 movet
1232 492 1337 526 aetas

176 544 258 583 Nec
290 544 408 583 facies
441 556 513 583 nec
546 556 644 595 quae
676 543 868 584 Venerem
900 556 1056 584 movere
1075 577 1087 598 ‚
1118 545 1252 585 leones

178 602 480 654 Saetigerosque
512 614 603 642 sues
622 634 634 655 ‚
666 602 879 655 oculosque
912 605 1140 655 animosque
1172 605 1368 644 ferarum.

89 670 156 702 550
175 661 340 701 Fulmen
371 660 516 700 habent
547 673 658 701 acres
689 663 730 701 in
761 662 923 701 aduncis
955 662 1140 702 dentibus
1172 665 1279 714 apri:

176 720 350 772 Impetus
382 725 443 759 est
474 719 588 759 fulvis
621 726 661 759 et
691 727 798 760 vasta
829 720 1009 760 leonibus
1040 723 1121 773 ira3

176 779 427 830 Invisumque
459 778 556 818 mihi
587 791 710 830 genus
744 785 805 818 est
823 776 864 818 .''
903 792 1001 831 quae
1035 792 1180 833 causa,
1212 781 1366 831 roganti

178 834 343 877 “Dicam
360 832 387 890 ,⁹
424 839 477 877 ait
509 834 565 876 ‘et
594 839 739 877 veteris
765 843 986 877 monstrum
1018 838 1211 878 mirabere
1244 839 1404 891 culpae.

178 896 255 936 Sed
287 895 396 936 labor
427 895 609 935 insolitus
641 898 717 935 iam
748 909 810 936 me
842 896 1026 951 lassavit,
1059 903 1099 936 et
1129 910 1221 936 ecce

91 962 158 995 555
180 955 411 1007 Opportuna
444 967 513 994 sua
544 954 743 995 blanditur
773 955 942 1007 populus
972 955 1135 1009 umbra,

178 1014 329 1065 Datque
357 1020 487 1053 torum
514 1025 704 1066 caespes:
736 1013 831 1053 libet
861 1014 933 1053 hac
958 1017 1210 1066 requiescere
1241 1011 1404 1055 tecum''

177 1072 227 1112 Et
259 1074 453 1124 requievit
483 1072 602 1112 humo
622 1104 633 1125 ,
663 1075 887 1124 pressitque
919 1079 959 1112 et
989 1086 1149 1124 gramen
1182 1079 1222 1113 et
1251 1074 1405 1126 ipsum,

178 1132 301 1182 Inque
333 1133 423 1170 sinu
454 1132 606 1170 iuvenis
638 1133 764 1183 posita
796 1133 948 1170 cervice
980 1132 1139 1171 reclinis

179 1190 244 1229 Sic
276 1191 357 1242 ait,
389 1202 433 1229 ac
465 1190 603 1229 mediis
635 1191 839 1229 interserit
868 1190 1002 1229 oscula
1032 1190 1186 1230 verbis.

91 1257 158 1289 560
180 1246 391 1288 “Forsitan
423 1248 595 1287 audieris
628 1248 796 1300 aliquam
828 1250 1042 1288 certamine
1075 1261 1216 1289 cursus

180 1307 340 1346 Veloces
373 1319 582 1358 superasse
614 1308 747 1346 viros.
789 1319 867 1347 non
899 1307 1027 1347 fabula
1058 1320 1195 1347 rumor

179 1366 246 1406 Ille
278 1366 381 1418 suit3
414 1365 625 1417 superabat
656 1367 788 1405 enim.
830 1378 903 1405 nec
936 1366 1066 1406 dicere
1098 1379 1259 1419 posses,

178 1424 308 1464 Laude
340 1424 515 1477 pedum,
547 1425 746 1463 formaene
777 1423 880 1463 hono
912 1427 1174 1476 praestantior
1207 1432 1332 1465 esset.

181 1483 346 1522 Scitanti
378 1482 475 1522 deus
507 1483 599 1522 huic
631 1482 679 1521 de
711 1484 876 1534 coniuge
910 1480 1140 1535 “²coniuge'
1172 1484 1269 1523 dixit

91 1550 159 1583 565
180 1539 258 1581 ‘Nil
289 1553 389 1593 opus
421 1546 510 1593 est,
542 1540 748 1593 Atalanta,
780 1541 850 1581 tibi
869 1573 878 1581 .
916 1542 1006 1593 suge
1040 1543 1217 1594 coniugis
1249 1555 1386 1582 usum.

179 1600 260 1640 Nec
292 1605 422 1640 tamen
454 1600 645 1651 effugies,
678 1605 795 1651 teque
827 1601 911 1652 ipsa
942 1601 1026 1639 viva
1057 1600 1210 1640 carebis
1225 1597 1282 1639 .'’'

179 1659 334 1698 Territa
366 1664 472 1697 sorte
505 1658 568 1697 dei
599 1669 671 1710 per
703 1670 843 1710 opacas
874 1658 1021 1698 innuba
1053 1659 1168 1698 silvas

178 1717 309 1770 Vivit,
340 1723 381 1757 et
410 1718 622 1756 instantem
656 1716 809 1756 turbam
840 1717 1008 1756 violenta
1039 1730 1252 1769 procorum

180 1776 418 1816 Condicione
450 1776 586 1829 sugat,
618 1787 691 1814 nec
723 1772 858 1815 “‘sum
888 1776 1107 1829 potiunda,
1138 1774 1229 1816 nisi'
1261 1778 1388 1829 inquit

43 1854 45 1857 .
93 1843 161 1876 ⁶⁷0
182 1832 306 1874 ‘Victa
336 1835 447 1886 prius
480 1846 629 1874 cursu.
667 1833 833 1885 pedibus
866 1835 1089 1874 contendite
1121 1847 1300 1875 mecum:

178 1894 357 1933 Praemia
387 1892 513 1932 veloci
543 1894 714 1932 coniunx
746 1892 981 1944 thalamique
1014 1893 1236 1946 dabuntur3

179 1952 285 1992 Mors
315 1953 488 2004 pretium
519 1951 669 1991 tardis.
709 1963 753 1991 ea
783 1951 846 1990 lex
878 1953 1103 1991 certaminis
1136 1958 1242 1991 esto.

179 2010 246 2050 Illa
278 2011 437 2062 quidem
467 2011 646 2050 inmitis:
678 2009 746 2049 sed
779 2015 885 2048 tanta
915 2011 1089 2062 potentia
1122 2011 1268 2050 formae
1300 2017 1383 2063 est,

180 2068 295 2109 Venit
325 2069 372 2108 ad
402 2069 503 2108 hanc
534 2069 661 2120 legem
692 2069 901 2108 temeraria
932 2068 1046 2108 turba
1076 2081 1311 2120 procorum.

94 2135 160 2168 575
182 2127 346 2167 Sederat
376 2126 642 2179 Hippomenes
674 2139 816 2166 cursus
848 2132 1045 2178 spectator
1076 2129 1224 2181 iniqui,

179 2186 230 2226 Et
261 2183 457 2238 “‘petitur
488 2187 672 2237 cuiquam
706 2197 777 2237 per
809 2190 915 2224 tanta
946 2185 1119 2237 pericula
1152 2187 1320 2226 coniunx
1337 2182 1405 2225 ‘?'”

180 2244 369 2298 Dixerat,
399 2256 445 2284 ac
477 2246 618 2284 nimios
650 2245 836 2283 iuvenum
868 2244 1070 2284 damnarat
1100 2256 1276 2284 amores.

180 2302 232 2343 Ut
264 2304 401 2342 faciem
432 2308 472 2343 et
501 2304 629 2355 posito
662 2314 807 2354 corpus
839 2302 1026 2342 velamine
1059 2302 1177 2356 vidit,

182 2361 304 2408 Quale
334 2373 496 2415 meum,
528 2361 588 2400 vel
620 2361 733 2413 quale
765 2367 877 2400 tuum
896 2393 907 2413 ,
938 2362 973 2401 si
1004 2361 1147 2401 femina
1178 2363 1271 2414 fiaS,

1056 2428 1124 2462 14⁸

1247 1949 1293 1967 ”9
