1554 2563
112 105 198 147 234
347 117 502 139 accarone
660 104 874 139 METAMM
887 130 897 138 .

229 215 440 254 Nominat.
479 221 539 253 est
570 215 686 254 etiam
718 213 894 253 diversae
926 215 1068 253 tertius
1100 215 1194 254 artis

228 273 472 325 Phantasos3
513 272 577 312 ille
615 274 656 312 in
693 272 858 312 humum
895 285 1111 324 saxumque
1142 272 1364 324 undamque

1200 331 1452 383 trabemque,

230 391 416 442 Quaeque
449 396 586 429 vacant
618 391 744 429 anima
776 390 966 430 fallaciter
998 391 1126 429 omnia
1158 392 1321 429 transit.

228 449 402 501 Regibus
432 448 473 488 hi
504 448 750 500 ducibusque
783 462 876 488 suos
908 449 1116 488 ostendere
1148 448 1278 488 vultus

141 517 208 547 645
230 508 353 547 Nocte
386 507 543 560 solent,
574 507 739 559 populos
772 508 836 546 alii
867 507 1101 559 plebemque
1132 513 1361 559 pererrant.

229 567 424 606 Praeterit
454 566 525 604 hos
557 568 718 618 senior,
751 568 984 617 cunctisque
1018 579 1038 605 e
1071 565 1258 605 fratribus
1290 577 1413 604 unum

230 625 416 677 Morphea
434 656 445 678 ,
478 626 545 676 qui
576 631 736 676 peragat
767 624 1074 664 Thaumantidos
1106 624 1209 663 edita
1227 656 1238 677 ,
1272 623 1441 663 Somnus

230 683 376 735 Eligit:
408 689 448 722 et
478 696 619 722 rursus
651 683 757 722 molli
788 683 975 735 languore
1008 683 1160 722 solutus

229 743 496 794 Deposuitque
529 748 646 794 caput
663 774 674 795 ,
706 747 908 793 stratoque
940 741 1162 781 recondidit
1192 741 1292 781 alto.

142 809 209 841 650
231 801 298 840 Ille
331 801 432 840 volat
463 801 591 840 nullos
623 803 811 852 strepitus
844 800 1078 840 facientibus
1109 800 1178 839 alis

229 861 305 899 Per
325 859 532 912 tenebras,
558 861 741 911 intraque
766 871 898 898 morae
923 859 1041 899 breve
1068 864 1224 910 tempus
1249 860 1290 898 in
1316 858 1454 898 urbem

230 919 415 958 Pervenit
446 918 728 970 Haemoniam3
759 919 977 970 positisque
1010 930 1031 957 e
1063 930 1230 969 corpore
1261 919 1402 970 pennis

230 977 272 1015 In
306 978 444 1016 faciem
477 976 613 1028 Ceycis
646 976 754 1029 abit,
787 982 1020 1028 sumptaque
1052 977 1176 1027 figura
1296 984 1455 1012 f.01xvii.

230 1036 399 1075 Luridus
418 1067 429 1088 ,
462 1037 630 1074 exanimi
662 1035 799 1074 similis
819 1067 830 1087 ‚
862 1037 947 1074 sine
979 1035 1153 1074 vestibus
1184 1034 1298 1088 ullis,

143 1103 209 1134 655
233 1094 418 1145 Coniugis
450 1100 538 1133 ante
571 1099 702 1133 torum
734 1096 899 1133 miserae
932 1095 1069 1133 stetit.
1108 1093 1184 1132 uda
1214 1093 1369 1133 v1detur

230 1152 355 1191 Barba
386 1153 487 1205 viri,
520 1152 763 1204 madidisque
796 1154 923 1203 gravis
954 1152 1078 1191 ssuere
1109 1151 1213 1191 unda
1246 1151 1416 1204 capillis.

230 1211 331 1250 Tum
362 1211 463 1250 lecto
495 1211 728 1250 incumbens
747 1242 758 1263 ,
789 1211 884 1249 fletu
916 1223 1036 1261 super
1068 1222 1136 1249 ora
1167 1211 1325 1263 refuso,

231 1269 335 1309 Haec
366 1271 448 1308 ait:
480 1266 675 1320 ‘agnoscis
708 1269 832 1320 Ceyca
850 1300 861 1321 ,
892 1270 1112 1307 miserrima
1144 1266 1350 1308 coniunx?

231 1329 289 1367 An
321 1340 407 1366 mea
437 1333 585 1366 mutata
616 1333 677 1367 est
708 1328 827 1366 facies
859 1339 955 1366 nece
975 1325 996 1366 Ῥ
1028 1325 1209 1379 respice!
1242 1339 1406 1380 nosces,

143 1387 489 1437 5601nveniesque
522 1392 590 1425 tuo
621 1398 694 1438 pro
726 1387 892 1437 coniuge
925 1387 1102 1437 coniugis
1133 1385 1335 1426 umbram.

230 1445 291 1484 Nil
323 1446 408 1496 opis
427 1476 438 1497 ,
469 1444 639 1496 Alcyone
658 1476 669 1497 ,
700 1444 813 1484 nobis
846 1450 912 1484 tua
943 1450 1033 1483 vota
1063 1444 1263 1484 tulerunt:

232 1503 485 1543 Occidimus.
524 1503 619 1542 salso
653 1503 723 1542 tibi
755 1516 816 1543 me
849 1504 1080 1555 promittere
1112 1503 1213 1542 noli.

230 1562 395 1602 Nubilus
426 1562 578 1613 Aegaeo
610 1561 817 1614 deprendit
847 1563 887 1601 in
919 1573 1089 1613 aequore
1121 1574 1258 1601 navem

230 1623 373 1660 Auster
391 1652 403 1674 ,
435 1626 475 1660 et
504 1622 655 1672 ingenti
685 1623 865 1660 iactatam
897 1620 1052 1660 flamine
1084 1620 1220 1660 solvit:

143 1687 210 1719 665
232 1680 387 1731 Oraque
419 1684 554 1718 nostra
572 1711 583 1731 ‚
615 1685 727 1718 tuum
758 1679 905 1718 frustra
937 1679 1138 1718 clamantia
1170 1691 1338 1732 nomen,

230 1738 449 1789 Implerunt
479 1737 624 1777 fluctus
644 1769 652 1776 .
690 1749 769 1776 non
800 1737 896 1776 haec
926 1737 999 1776 tihi
1030 1739 1184 1777 nuntiat
1215 1743 1351 1777 auctor

231 1796 446 1847 Ambiguus
466 1828 476 1847 ,
508 1809 587 1835 non
619 1797 692 1836 ista
724 1797 828 1847 vagis
860 1795 1086 1835 rumoribus
1118 1796 1252 1836 audis:

231 1855 318 1906 Ipse
351 1867 421 1906 ego
453 1855 531 1893 fata
562 1854 632 1893 tibi
662 1866 850 1906 praesens
881 1866 965 1893 mea
997 1855 1208 1906 naufragus
1241 1855 1336 1894 edo.

233 1913 382 1965 Surge,
415 1925 507 1966 age,
534 1913 581 1952 da
606 1913 809 1966 lacrimas,
840 1912 1099 1964 lugubriaque
1126 1913 1267 1965 indue,
1294 1925 1366 1953 nec
1393 1926 1453 1954 me

144 1980 212 2012 670
232 1971 523 2023 Indeploratum
555 1971 628 2011 sub
660 1973 789 2010 inania
820 1970 981 2010 Tartara
1013 1972 1122 2010 mitte
1138 1968 1163 2010 .’

232 2030 359 2069 Adicit
389 2030 449 2069 his
481 2042 617 2069 vocem
647 2029 858 2081 Morpheus
877 2061 888 2082 ,
920 2041 1035 2080 quam
1068 2030 1245 2081 coniugis
1276 2030 1339 2070 illa

233 2088 422 2127 Crederet
453 2100 539 2128 esse
572 2089 662 2127 sui.
699 2088 816 2128 ssetus
849 2099 1006 2139 quoque
1038 2088 1202 2127 fundere
1235 2100 1348 2128 veros

234 2146 348 2185 Visus
381 2152 493 2199 erat,
525 2152 758 2198 gestumque
790 2158 928 2185 manus
961 2145 1095 2197 Ceycis
1127 2146 1315 2186 habebat.

231 2204 398 2255 Ingemit
428 2204 597 2257 Alcyone
628 2205 836 2244 lacrimans
854 2236 865 2257 ,
897 2209 1026 2243 movet
1057 2211 1173 2255 atque
1204 2205 1372 2245 lacertos

146 2270 212 2302 675
232 2262 309 2300 Per
341 2275 522 2302 somnum
541 2295 551 2315 ,
583 2275 806 2314 corpusque
838 2268 976 2315 petens
1008 2263 1256 2314 amplectitur
1287 2276 1425 2316 auras3

233 2319 511 2370 Exclamatque
544 2318 701 2361 emane!
735 2333 811 2372 quo
844 2326 882 2360 te
913 2322 1017 2373 rapis
1037 2318 1058 2360 ⁴?
1089 2320 1232 2360 ibimus
1264 2334 1341 2361 una
1354 2319 1379 2373 ·.’
