1554 2563
1282 112 1366 147 XIX

26 223 217 264 librorum
249 223 423 264 omnium
452 235 532 262 non
562 223 754 273 putabam
777 223 869 273 equi
899 223 1023 274 accipi
1053 235 1181 273 posse,
1211 222 1366 262 iuvenis

25 283 151 333 ipsius
193 283 378 323 volebam
421 295 468 322 ea
509 283 707 332 positura,
759 294 837 332 qua
885 283 927 320 in
969 282 1209 333 anaglyphis
1247 283 1368 330 pram·

27 342 138 393 equis
168 342 353 391 insident,
383 341 496 380 velut
524 341 566 378 in
595 341 769 390 metopio
800 341 938 379 Parth.
963 341 1083 379 occid.
1113 349 1167 379 111
1186 341 1240 379 >et
1270 348 1366 378 XIII.

144 397 231 439 505
256 407 495 438 LACRIMAE
523 408 661 439 DITES
687 408 830 438 INTER
854 408 1080 438 MANDATA
1107 407 1367 438 CADEBANT.

25 471 97 498 nec
127 460 218 497 huic
249 459 498 497 coniecturae
534 459 653 497 nimis
693 458 855 497 confido.
909 458 1003 496 libri
1035 459 1217 497 lacrimae
1247 460 1366 497 mites.

26 518 66 557 id
98 518 193 568 quid
224 519 350 568 esset,
386 530 466 555 non
495 517 788 567 intelligebam,
825 517 886 556 uti
915 528 987 555 nec
1017 517 1130 556 Mais
1159 517 1368 556 habebatur

26 580 112 615 VIII
133 578 216 615 262
251 578 321 614 aut
350 577 438 615 mite
462 578 639 624 parentis
669 577 865 624 inqem’um
894 583 981 613 x111
1005 577 1100 625 187,
1131 576 1368 624 praesertim

27 635 283 685 sequentibus
320 635 384 672 hic
427 634 669 684 singultibus
712 637 753 673 et
795 634 1017 684 praesagiis
1056 647 1118 673 vv.
1146 635 1229 672 509
1271 636 1367 673 510.

26 694 283 733 memineram
313 693 391 732 loci
421 693 534 731 Pont.
568 702 621 731 111
650 694 671 731 1
709 694 790 731 102
830 694 947 740 flendi
979 694 1088 741 copia
1118 694 1221 731 dives
1252 694 1367 731 adest

162 749 248 792 576
291 752 503 790 STAMINA
544 759 808 790 BARBARICA
852 759 1107 790 SUSPENDIT
1152 759 1370 789 PALLADE

28 820 192 850 TELAE.
252 811 293 849 M
331 823 420 850 cum
456 811 593 860 paucis
626 811 801 850 servavit
830 811 985 858 pallida
1016 811 1107 860 tela,
1145 810 1249 859 quod
1281 822 1368 848 cum

27 871 336 920 interpolatores
369 870 472 908 male
503 870 686 920 haberet,
723 870 904 908 fecerunt
943 870 1086 907 callida
1117 870 1157 907 et
1189 870 1368 912 candida,

26 932 73 968 ut
103 929 149 968 E.
204 928 410 967 Palladem
453 929 698 977 interpretor
743 928 848 977 quod
889 928 931 966 in
975 927 1095 966 simili
1137 939 1182 966 re
1225 927 1370 966 dicitur

27 988 141 1027 Pont.
178 996 233 1026 111
254 989 278 1026 8
314 989 337 1026 9
375 987 552 1026 Palladis
594 989 651 1026 uti
688 986 784 1025 Arte
822 986 1046 1025 Tomitanae
1088 997 1165 1024 non
1207 986 1371 1024 didicere

27 1059 162 1090 nurus,
193 1048 240 1084 ut
271 1048 333 1085 est
362 1047 624 1094 intempestiva
654 1046 838 1084 Minerva
869 1054 917 1084 1v
938 1046 1006 1094 33,
1037 1046 1161 1083 tenuis
1186 1044 1371 1083 Minerva

28 1105 133 1155 apud
164 1104 285 1154 Verg.
316 1104 415 1143 Aen.
447 1112 532 1143 VIII
553 1105 650 1143 409.
716 1105 886 1143 stamina
928 1104 1024 1142 telae
1064 1105 1178 1141 erant
1215 1111 1264 1142 IV
1286 1104 1368 1142 275

27 1172 77 1202 vr
98 1165 166 1214 54,
189 1164 363 1212 pendens
392 1165 504 1202 vestis
535 1171 583 1202 1v
606 1163 702 1202 395.
832 1159 919 1202 583
952 1170 1114 1201 DOLOR
1146 1169 1264 1200 ORSA
1296 1170 1371 1199 RE-

27 1231 229 1262 PRESSIT.
290 1234 361 1261 ora
401 1223 581 1270 repressit
627 1222 739 1272 libri,
792 1221 897 1271 quod
944 1233 1023 1260 non
1075 1220 1372 1270 intellegebam,

28 1281 283 1331 quantumvis
325 1292 397 1320 ora
439 1282 707 1329 opprimant-ar
744 1288 797 1318 111
825 1281 927 1330 296,
963 1280 1095 1328 pudor
1138 1291 1209 1318 ora
1251 1282 1374 1318 teneat

29 1348 77 1379 IX
98 1341 200 1390 515,
243 1351 308 1378 ore
342 1342 575 1388 pre‘mara‘wr⁴
609 1350 717 1378 voces
747 1347 829 1378 XIV
851 1340 948 1378 779.
997 1349 1088 1377 orsa
1130 1338 1278 1376 rectius
1323 1338 1373 1375 ad

28 1400 159 1447 verba,
203 1398 308 1448 quod
353 1399 551 1448 sequitur,
593 1398 810 1447 referetur,
854 1409 972 1446 quam
1008 1409 1081 1446 pro
1120 1396 1372 1435 substantivo

29 1458 118 1508 eri-t,
150 1457 255 1506 quod
284 1459 420 1495 tamen
450 1457 632 1507 Vergilio
671 1459 713 1495 et
743 1456 1030 1495 recentioribus
1062 1455 1373 1505 frequentatum.

147 1512 232 1554 673
282 1523 562 1554 PRAELONGA
610 1522 808 1554 cosmon
856 1522 1087 1553 Ros'rmm.
1141 1526 1218 1563 pro
1261 1515 1375 1561 loma

31 1575 185 1623 cuspide
219 1574 331 1622 libri,
377 1574 481 1624 quod
519 1585 598 1613 non
635 1574 797 1623 egregie
833 1573 1123 1622 interpretatus
1160 1573 1373 1622 Hauptius.

30 1636 158 1672 rostra
187 1633 338 1671 habent
368 1633 589 1683 cuspidem,
621 1644 785 1670 acumen
816 1640 851 1670 11
874 1633 956 1670 376
1002 1640 1085 1670 XIV
1106 1631 1203 1670 503.
1257 1642 1374 1679 prae-

29 1692 182 1731 validus
219 1691 320 1730 dixit
358 1694 479 1741 poeta
509 1700 563 1730 111
585 1693 686 1741 219,
722 1691 930 1738 praedives
967 1698 1018 1728 IX
1040 1692 1112 1740 91,
1149 1690 1374 1738 praeclaras

30 1759 99 1789 ΧΠ
120 1750 218 1789 349.
339 1747 421 1788 701
455 1758 504 1789 VI
530 1758 615 1789 SED
640 1756 918 1788 FAcmNsz.
955 1748 1089 1787 differt
1112 1749 1187 1787 hoc
1211 1748 1374 1786 minimo

31 1809 259 1850 discrimine
290 1820 314 1847 a.
345 1809 545 1858 scriptura
576 1809 609 1846 E
640 1820 680 1846 m
699 1803 969 1859 (superposito
1002 1801 1132 1859 apice)
1151 1807 1227 1846 sed.

32 1866 289 1906 Coniecturae
309 1866 464 1906 Heinsii
489 1867 644 1906 reddidi
678 1868 761 1905 234
796 1868 893 1905 614.
943 1878 990 1904 ex
1021 1866 1066 1915 E,
1097 1867 1245 1915 partim
1278 1865 1374 1915 solo,

32 1926 123 1964 dedi
164 1938 305 1965 versus
339 1928 421 1965 117
461 1921 550 1978 (sed
593 1921 724 1976 aloycl)
766 1926 849 1964 174
889 1926 1061 1973 „aenaria
1103 1925 1184 1962 212
1229 1924 1376 1962 recidat

32 1979 216 2036 (reccidat
250 1984 333 2022 Erf.
365 1979 579 2036 recentior)
622 1986 706 2022 224
740 1985 823 2022 249
860 1985 942 2022 313
977 1984 1061 2021 334
1094 1984 1178 2021 417
1213 1981 1377 2021 Cleonae

31 2045 114 2081 422
154 2044 400 2091 subvectaque
435 2056 508 2092 pro
539 2055 623 2082 var.
655 2054 728 2081 scr.
760 2043 845 2080 448
879 2043 963 2080 457
996 2042 1128 2089 faenil.
1167 2036 1284 2092 (foen.
1315 2035 1376 2093 M)

31 2103 116 2140 495
155 2103 295 2141 obortis
337 2097 546 2154 (versuum
583 2100 762 2140 ordinem
800 2113 847 2139 ex
882 2100 966 2138 Erf.
998 2111 1093 2150 rec.,
1136 2111 1184 2137 ex
1221 2111 1297 2148 quo
1336 2101 1377 2137 et

31 2159 154 2198 Prisc.
192 2160 314 2198 etiam
358 2155 461 2212 506)
506 2160 590 2198 579
634 2160 704 2198 illa
747 2155 811 2211 (ut
854 2159 975 2197 etiam
1012 2158 1053 2195 M
1092 2158 1165 2196 sub
1203 2152 1376 2209 rasura).

33 2219 173 2257 omitto
204 2219 275 2256 ubi
305 2218 347 2256 in
377 2218 699 2267 orthographicis
739 2219 809 2255 aut
847 2216 1134 2266 insignioribus
1168 2216 1376 2265 scripturis

32 2279 102 2315 aut
132 2277 173 2314 M
211 2278 282 2315 aut
310 2276 343 2314 L
375 2276 661 2326 adstipulatur:
703 2287 967 2315 commemoro
1009 2276 1092 2314 617
1125 2272 1379 2314 Abstulerant

32 2347 119 2374 esse
149 2335 191 2373 in
221 2335 274 2373 M.

1039 2397 1092 2433 b*
