1554 2563
578 89 646 124 VII
667 118 675 134 ,
702 94 887 126 634—705
901 118 909 126 .
1035 103 1210 126 caranus
1338 91 1420 133 145

102 207 173 239 670
193 199 348 239 Phocus
380 201 420 239 in
452 200 619 240 interius
652 201 821 252 spatium
852 200 1117 254 pulchrosque
1150 214 1332 242 recessus

196 258 430 310 Cecropidas
463 259 600 312 ducit,
633 271 722 298 cum
755 261 842 311 quis
874 261 989 299 simul
1021 263 1105 313 ipse
1137 261 1307 302 resedit.

193 319 342 369 Aspicit
373 317 560 357 Aeoliden
593 319 725 369 ignota
756 330 804 357 ex
836 318 976 358 arbore
1009 320 1155 359 factum

194 376 315 416 Ferre
348 389 466 416 manu
499 376 699 430 iaculum,
732 378 845 416 cuius
878 378 952 417 fuit
983 391 1100 418 aurea
1133 380 1289 431 cuspis.

193 435 321 474 Pauca
353 438 463 487 prius
496 436 636 474 mediis
669 435 918 475 sermonibus
950 436 1014 476 ille
1046 437 1202 477 locutus

105 501 172 532 675
195 491 307 533 ‘Sum
339 506 546 534 nemorum
578 492 795 534 studiosus’
828 497 882 534 ait
914 492 1138 547 ‘caedisque
1172 497 1343 550 ferinae3

194 552 277 599 Qua
310 558 438 592 tamen
473 566 492 592 e
525 553 619 592 silva
651 560 785 592 teneas
818 553 956 593 hastile
989 557 1184 607 recisum,

194 611 410 651 Iandudum
442 611 607 652 dubito:
640 620 747 652 certe
778 614 811 651 si
844 614 1018 652 fraxinus
1051 620 1179 666 esset,

196 670 314 709 Fulva
347 671 477 710 colore
510 671 641 724 foret3
673 673 706 710 si
739 684 883 711 cornus
903 704 913 724 ‚
945 672 1071 712 nodus
1103 675 1248 712 inesset

199 729 307 768 Unde
340 731 391 769 sit
409 761 420 783 ‚
451 732 588 781 ignoro
609 761 618 769 .
657 730 725 769 sed
758 743 836 770 non
869 732 1080 771 formosius
1112 733 1187 771 isto

105 795 173 827 680
197 788 385 828 Viderunt
416 789 520 828 oculi
551 788 672 828 telum
704 789 908 828 iaculabile
941 793 1068 830 nostri
1083 787 1107 829 .’

192 847 347 899 Excipit
378 848 532 887 Actaeis
565 860 586 887 e
617 848 805 887 fratribus
837 849 964 901 alter,
997 855 1037 889 et
1068 846 1199 888 ‘usum

193 906 377 945 Maiorem
410 908 540 958 specie
573 904 782 946 mirabere'
815 907 913 946 dixit
945 904 1000 946 ‘in
1032 909 1131 947 isto.

194 965 459 1017 Consequitur
491 966 767 1017 quodcumque
799 968 927 1018 petit,
959 967 1195 1017 fortunaque
1228 967 1389 1005 missum

193 1024 279 1063 Non
311 1026 442 1077 regit,
474 1030 514 1063 et
545 1024 693 1063 revolat
725 1024 832 1063 nullo
864 1026 1061 1064 referente
1095 1032 1304 1064 cruentum
1319 1023 1342 1063 .'

106 1090 173 1121 685
195 1083 295 1122 Tum
327 1095 419 1122 vero
451 1085 602 1122 iuveniS
634 1083 801 1122 Nereius
834 1085 962 1122 omnia
996 1086 1172 1136 quaerit,

195 1141 273 1181 Cur
305 1143 384 1194 sit,
416 1147 455 1180 et
486 1141 589 1181 unde
622 1142 755 1181 datum
774 1173 785 1195 ,
818 1144 905 1193 quis
938 1144 1036 1181 tanti
1063 1144 1239 1182 muneris
1260 1148 1417 1181 auctor.

194 1201 301 1247 Quae
333 1202 432 1252 petit
449 1232 460 1252 ,
493 1201 555 1239 ille
587 1201 711 1240 refert
731 1232 738 1240 .
778 1201 847 1240 sed
868 1203 973 1240 enim
994 1214 1154 1240 narrare
1177 1201 1318 1253 pudori
1337 1207 1419 1253 est,

196 1259 279 1305 Qua
311 1259 446 1298 tulerit
477 1259 658 1299 mercede
679 1291 687 1299 .
727 1259 844 1312 silet,
876 1266 1082 1311 tactusque
1115 1260 1249 1299 dolore

194 1318 379 1370 Coniugis
411 1321 574 1357 amissae
606 1319 777 1358 lacrimis
808 1320 861 1358 ita
894 1319 997 1358 fatur
1029 1319 1203 1358 obortis:

104 1385 173 1417 690
195 1375 292 1416 ‘Hoc
312 1389 373 1416 me
393 1409 404 1429 ,
430 1384 518 1416 nate
539 1378 610 1416 dea
629 1409 640 1430 ,
669 1399 724 1405 ——
747 1379 833 1428 quis
852 1380 978 1429 possit
998 1378 1161 1417 credere
1181 1375 1202 1416 Ῥ
1224 1399 1278 1405 -
1301 1377 1419 1417 telum

194 1435 306 1475 Flere
339 1437 459 1488 facit,
492 1437 684 1487 facietque
717 1436 813 1488 diu,
845 1438 879 1475 si
911 1438 1039 1475 vivere
1072 1436 1185 1476 nobis

196 1494 287 1533 Fata
320 1494 385 1533 diu
419 1495 628 1533 dederint.
668 1494 742 1533 hoc
775 1507 836 1533 me
869 1507 959 1533 cum
992 1497 1157 1546 coniuge
1191 1506 1279 1533 cara

196 1553 398 1592 Perdidit.
437 1553 511 1592 hoc
543 1555 693 1592 utinam
726 1555 941 1592 caruissem
974 1565 1138 1592 munere
1171 1553 1349 1604 semper!

196 1612 352 1650 Procris
385 1619 497 1664 erat,
529 1614 562 1651 si
594 1613 695 1650 forte
727 1613 848 1662 magis
881 1614 1060 1663 pervenit
1090 1612 1137 1651 ad
1170 1624 1285 1651 aures

106 1679 174 1710 695
198 1670 373 1722 Orithyia
406 1677 492 1710 tuas
512 1703 522 1723 ,
554 1677 687 1722 raptae
720 1683 833 1709 soror
866 1669 1090 1723 Orithyiae3

197 1729 238 1768 Si
270 1731 408 1768 faciem
440 1741 649 1781 moresque
683 1729 776 1768 velis
809 1730 990 1768 conferre
1023 1730 1214 1782 duarum,

195 1788 357 1840 Dignior
377 1790 459 1840 ipsa
480 1790 564 1840 rapi
584 1819 592 1828 .
632 1794 743 1839 pater
770 1788 870 1826 hanc
891 1787 984 1826 mihi
1005 1789 1131 1827 iunxit
1150 1788 1419 1838 Erechtheus,

195 1846 303 1886 Hanc
335 1847 429 1885 mihi
461 1849 588 1886 iunxit
620 1859 729 1885 amor
750 1877 758 1885 .
797 1847 888 1885 felix
920 1846 1078 1885 dicebar
1111 1859 1319 1898 eramque.

197 1905 281 1944 Non
312 1907 365 1945 ita
397 1906 456 1944 dis
490 1907 614 1945 visum
647 1912 707 1944 est
724 1936 736 1957 ‚
768 1911 835 1944 aut
866 1917 971 1943 nunc
1002 1917 1159 1956 quoque
1192 1906 1355 1944 forsitan

1268 1976 1394 2003 essem

109 2031 176 2063 700
196 2024 304 2062 Alter
335 2022 522 2074 agebatur
555 2029 645 2074 post
676 2034 786 2062 sacra
818 2022 958 2072 iugalia
991 2024 1160 2075 mensis,

197 2082 295 2121 Cum
326 2094 387 2120 me
420 2083 637 2132 cornigeris
670 2081 897 2120 tendentem
929 2082 1026 2119 retia
1058 2082 1184 2120 cervis

196 2139 349 2179 Vertice
381 2140 429 2179 de
461 2152 613 2179 summo
647 2152 802 2191 semper
834 2140 1011 2177 florentis
1044 2139 1214 2190 Hymetti

197 2198 318 2238 Lutea
350 2211 462 2237 mane
494 2199 600 2238 videt
629 2199 752 2250 pulsis
786 2199 937 2237 Aurora
970 2198 1167 2250 tenebris,

198 2257 443 2309 invitumque
475 2259 603 2309 rapit.
642 2257 756 2296 liceat
787 2257 881 2295 mihi
913 2268 1003 2295 vera
1035 2257 1185 2296 referre

109 2323 174 2355 705
195 2315 294 2355 Pace
327 2317 450 2355 deae.
489 2315 592 2367 quod
625 2318 677 2354 sit
707 2328 821 2354 roseo
854 2314 1077 2367 spectabilis
1109 2327 1202 2368 ore,

149 2389 262 2415 ovxn.
282 2389 332 2414 n.
1096 2387 1138 2417 10
