1554 2563
147 107 228 149 176
372 121 549 144 acuemus
698 107 914 144 METAMM
925 135 935 144 .

263 218 365 257 Dixit
397 216 452 257 ‘et
481 223 526 257 ut
557 219 688 258 vincas
719 218 814 258 alios
832 251 844 271 ,
875 218 1043 258 Acheloe
1062 251 1073 271 ,
1099 219 1314 272 dracones,

261 276 356 315 Pars
389 282 507 328 quota
538 275 735 316 Lernaeae
767 289 931 329 serpens
963 278 1042 316 eris
1074 289 1177 316 unus
1209 276 1431 317 echidnae?

199 343 241 373 70
262 335 498 374 Vulneribus
530 335 696 374 fecunda
728 338 809 375 suis
841 342 926 375 erat
955 335 1049 388 illa,
1080 348 1153 375 nec
1185 336 1308 376 ullum

262 393 315 432 De
348 401 507 433 centum
538 406 703 433 numero
736 400 852 446 caput
883 399 944 434 est
974 396 1121 445 inpune
1154 396 1348 448 recisum,

262 452 365 498 Quin
396 455 551 504 gemino
584 455 714 492 cervix
745 452 892 492 herede
923 452 1114 492 valentior
1146 459 1272 492 esset.

263 511 369 550 Hanc
401 523 472 562 ego
504 524 697 551 ramosam
729 513 829 551 natis
861 524 882 550 e
914 511 1032 550 caede
1065 511 1238 551 colubris

262 569 594 622 Crescentemque
626 570 726 609 malo
759 571 922 622 domui,
955 571 1219 621 domitamque
1251 570 1417 609 reclusi.

199 636 240 666 75
262 628 363 674 Quid
395 629 479 667 fore
511 635 550 668 te
583 629 719 668 credas
738 661 749 681 ,
781 629 921 668 falsum
953 630 1021 680 qui
1053 641 1190 668 versus
1222 630 1262 668 in
1294 641 1460 680 anguem

261 689 376 725 Arma
407 688 531 726 aliena
563 700 695 726 moves
714 685 736 726 ⁶?
767 699 885 738 quem
916 688 1040 726 forma
1071 689 1248 738 precaria
1279 688 1379 727 celat
1391 685 1442 727 ‘?”

262 745 448 799 Dixerat,
485 752 525 784 et
556 758 707 785 summo
740 745 952 797 digitorum
983 746 1135 784 vincula
1167 745 1266 784 collo

261 804 405 843 Inicit:
437 804 636 857 angebar,
668 816 741 844 ceu
772 811 931 856 guttura
962 805 1112 855 forcipe
1144 817 1330 857 pressus,

260 862 550 914 Pollicibusque
576 875 682 902 meas
713 863 934 915 pugnabam
966 863 1133 902 evellere
1165 864 1320 902 fauces.

197 929 241 960 80
263 921 327 960 Sic
358 930 516 973 quoque
549 922 699 961 devicto
731 922 903 961 restabat
935 923 1050 960 tertia
1080 923 1184 960 tauri
1317 930 1345 957 f.
1366 937 1478 957 cxxxv.

261 980 401 1019 Forma
433 982 584 1020 trucis.
623 986 736 1020 tauro
768 986 942 1020 mutatus
973 980 1148 1019 membra
1179 979 1348 1020 rebello.

260 1038 392 1078 Induit
422 1039 485 1078 ille
518 1041 614 1078 toris
646 1052 667 1078 a
698 1039 804 1078 laeva
834 1045 944 1090 parte
976 1038 1166 1091 lacertos,

261 1097 562 1148 Admissumque
594 1098 754 1136 trahens
786 1099 994 1150 sequitur,
1021 1097 1284 1148 depressaque
1317 1096 1414 1136 dura

263 1155 418 1195 Cornua
450 1157 533 1207 figit
564 1156 683 1195 humo
702 1188 713 1209 ,
745 1169 886 1207 meque
919 1156 994 1194 alta
1026 1158 1168 1195 sternit
1199 1156 1366 1195 harena.

197 1221 241 1253 85
262 1214 343 1253 Nec
375 1216 469 1253 satis
501 1215 574 1253 hoc
607 1216 763 1254 fuerat:
795 1214 964 1266 rigidum
997 1215 1079 1253 fera
1111 1215 1270 1253 dextera
1302 1226 1425 1253 cornu

262 1272 362 1311 Dum
394 1279 531 1325 tenet,
562 1274 750 1325 infregit,
781 1279 999 1324 truncaque
1031 1285 1053 1311 a
1084 1274 1213 1311 fronte
1245 1273 1418 1311 revellit.

261 1331 404 1370 Naides
435 1332 510 1370 hoc
527 1363 539 1384 ,
571 1333 697 1383 pomis
729 1337 769 1370 et
799 1331 920 1370 odoro
953 1331 1048 1369 ssore
1081 1331 1299 1384 repletum,

263 1390 506 1442 Sacrarunt3
538 1390 724 1440 divesque
756 1402 842 1428 meo
874 1389 981 1428 Bona
1013 1389 1132 1441 Copia
1164 1402 1288 1429 cornu
1321 1395 1381 1429 est
1394 1386 1417 1428 .’

263 1448 448 1487 Dixerat:
480 1454 520 1487 et
551 1449 719 1500 nymphe
752 1450 831 1487 ritu
862 1449 1063 1487 succincta
1094 1447 1261 1500 Dianae,

198 1516 242 1545 90
264 1506 347 1545 Una
379 1508 648 1545 ministrarum
667 1539 678 1558 ,
710 1508 808 1545 fusis
839 1508 1038 1558 utrimque
1071 1507 1244 1559 capillis,

262 1565 428 1604 Incessit
459 1571 663 1616 totumque
695 1565 784 1604 tulit
814 1566 1028 1617 praedivite
1061 1577 1185 1604 cornu

261 1625 506 1662 Autumnum
538 1634 577 1663 et
607 1636 762 1662 mensas
781 1655 792 1676 ,
823 1623 950 1662 feIIcia
981 1636 1094 1675 poma
1113 1656 1124 1676 ,
1156 1623 1371 1663 secundas.

262 1682 346 1721 Lux
378 1682 513 1734 subit;
545 1690 584 1721 et
614 1684 741 1733 primo
774 1683 939 1721 feriente
972 1684 1173 1720 cacumina
1205 1682 1286 1721 sole

262 1740 477 1779 Discedunt
507 1743 667 1780 iuvenes
688 1771 696 1779 .
734 1752 861 1791 neque
894 1742 998 1779 enim
1016 1772 1027 1793 ,
1059 1741 1152 1779 dum
1172 1741 1331 1779 flumina
1350 1752 1483 1792 pacem

199 1808 241 1838 95
262 1799 312 1837 Et
342 1799 514 1850 placidos
546 1799 714 1838 habeant
744 1799 875 1850 lapsus
894 1830 905 1850 ,
937 1804 1120 1850 totaeque
1152 1799 1350 1851 residant,

264 1857 536 1908 Opperiuntur
555 1890 566 1910 ,
598 1870 719 1908 aquae
740 1888 748 1896 .
788 1857 918 1896 vultus
949 1857 1143 1896 Achelous
1176 1863 1350 1908 agrestes

263 1915 312 1954 Et
343 1916 516 1955 lacerum
548 1929 672 1954 cornu
705 1915 842 1955 mediis
874 1921 991 1966 caput
1022 1915 1170 1954 abdidit
1201 1915 1337 1955 undis.

321 1974 435 2013 Hunc
467 1981 597 2013 tamen
630 1974 746 2013 ablati
777 1975 927 2013 domuit
957 1975 1105 2012 iactura
1137 1974 1316 2026 decoris,

263 2032 402 2071 Cetera
434 2045 570 2084 sospes
601 2032 745 2071 habet.
784 2034 921 2083 capitis
953 2044 1108 2083 quoque
1142 2032 1280 2071 fronde
1312 2032 1456 2084 saligna

180 2100 243 2130 100
262 2091 340 2130 Aut
370 2104 490 2142 super
522 2094 689 2142 inposita
722 2091 871 2130 celatur
902 2090 1119 2129 harundine
1153 2091 1359 2130 damnum.

264 2150 312 2188 At
343 2155 382 2188 te
401 2181 412 2201 ,
443 2149 565 2188 Nesse
598 2151 707 2188 ferox
726 2181 737 2202 ,
770 2149 945 2188 eiusdem
976 2151 1138 2199 virginis
1170 2149 1286 2188 ardor

265 2208 495 2247 Perdiderat
526 2208 676 2247 volucri
707 2210 916 2247 traiectum
942 2213 1049 2258 terga
1082 2209 1243 2258 sagitta.

265 2265 439 2316 Namque
473 2279 570 2305 nova
601 2273 787 2318 repetens
817 2267 964 2317 patrios
997 2278 1086 2304 cum
1118 2268 1284 2317 coniuge
1317 2279 1449 2306 muros

266 2323 432 2363 Venerat
463 2324 589 2364 Eueni
621 2325 774 2376 rapidas
805 2324 894 2363 Iove
925 2330 1040 2363 natus
1065 2324 1112 2363 ad
1144 2327 1291 2364 undas.
