1554 2563
594 142 662 177 XV
674 170 683 187 ‚
709 146 894 178 593—666
910 169 917 177 .
1009 156 1239 179 AEchLAPIUs
1331 144 1415 187 323

110 260 177 291 630
198 252 393 292 Auxilium
427 252 593 291 caeleste
625 259 794 305 petunt,
826 253 1071 304 mediamque
1103 258 1282 293 tenentes

197 311 312 350 Orbis
344 311 506 350 humum
538 310 707 362 Delphos
739 310 911 364 adeunt,
944 311 1099 350 oracula
1130 311 1301 365 Phoebi,

197 370 323 422 thue
356 369 553 408 salutifera
585 371 739 409 miseris
770 382 1004 409 succurrere
1030 370 1149 409 rebus

197 428 311 468 Sorte
343 428 462 480 velit,
494 434 701 480 tant-aeque
733 428 843 468 urbis
875 429 972 468 mala
1005 429 1140 482 finiat,
1173 435 1306 469 orant.

197 487 245 526 Et
275 487 385 526 locus
419 492 458 525 et
489 487 623 526 laurus
655 493 723 540 et,
755 499 850 538 quas
882 487 999 526 habet
1029 489 1112 538 ipse
1131 519 1142 540 ,
1174 488 1380 539 pharetrae

108 553 175 583 635
196 546 440 585 Intremuere
474 545 618 597 simul3
650 547 879 597 cortinaque
912 545 1081 584 reddidit
1111 547 1188 585 imo

197 604 303 643 Hanc
336 604 448 656 adyto
481 615 615 643 vocem
634 636 645 657 ,
676 606 952 656 pavefactaque
985 611 1145 656 pectora
1177 607 1319 645 movit:

197 661 325 709 ‘Quod
352 664 454 714 petis
480 662 571 702 111116
590 694 601 715 ,
632 664 816 715 propiore
849 663 933 702 loco
952 695 964 716 ‚
996 663 1168 702 Romane
1186 695 1198 717 ‚
1229 666 1420 716 petisses3

196 721 246 761 Et
277 727 366 773 pete
398 733 503 760 nunc
535 723 719 773 propiore
751 722 867 762 loco:
898 733 971 761 nec
1002 721 1176 773 Apolline
1210 722 1343 776 vohis,

199 780 275 826 Qui
308 781 457 819 minuat
489 780 618 819 luctus
637 812 648 833 ,
680 793 779 832 opus
812 786 900 831 est,
932 780 1000 819 sed
1032 780 1208 832 Apolline
1241 787 1356 821 nato.

108 846 175 876 640
197 838 252 877 lte
284 838 397 877 bonis
430 838 563 878 avibus
582 871 594 890 ,
624 839 853 891 prolemque
885 840 1074 877 accersite
1106 845 1280 878 nostram
1294 836 1319 878 .'

198 897 304 936 lussa
337 897 399 936 dei
431 897 605 948 prudens
636 903 843 949 postquam
876 909 1064 949 accepere
1096 904 1278 951 senatus,

197 956 322 1001 Quam
354 955 454 994 colat
472 988 483 1008 ‚
516 956 748 1008 explorant,
779 957 932 995 iuvenis
963 955 1184 995 Phoebeius
1216 956 1378 1010 urbem,

197 1014 352 1065 Quique
384 1020 521 1065 petant
550 1016 676 1054 ventis
708 1013 918 1066 Epidauria
950 1014 1092 1067 litora,
1124 1016 1308 1055 mittunt.

197 1073 303 1119 Quae
335 1079 542 1124 postquam
575 1085 692 1113 curva
724 1074 831 1112 missi
864 1074 1028 1124 tetigere
1061 1075 1215 1126 carina,

110 1139 175 1169 645
197 1131 414 1170 Concilium
447 1131 663 1183 Graiosque
694 1137 825 1184 patres
858 1131 1018 1184 adiere,
1051 1131 1291 1185 darentque,

198 1190 369 1229 Oravere
389 1223 400 1240 ,
432 1190 548 1229 deum
568 1223 578 1243 ‚
611 1192 678 1241 qui
709 1202 896 1241 praesens
929 1190 1067 1228 funera
1099 1192 1226 1241 gentis

198 1249 323 1287 Finiat
353 1248 576 1301 Ausoniae;
610 1254 736 1288 certas
768 1250 822 1287 ita
853 1249 984 1287 dicere
1017 1254 1167 1287 sortes.

198 1307 369 1346 Dissidet
400 1313 440 1346 et
470 1309 593 1346 variat
624 1309 847 1346 sententia:
880 1319 1048 1358 parsque
1082 1307 1302 1358 negandum

197 1365 283 1405 Nou
314 1371 427 1417 putat
458 1366 674 1418 auxilium3
706 1365 818 1405 multi
852 1367 1022 1404 retinere
1042 1397 1052 1417 ,
1085 1377 1273 1417 suamque

110 1431 177 1463 650
197 1424 283 1463 Non
316 1426 495 1463 emittere
528 1436 642 1476 opem
673 1436 746 1463 nec
778 1425 937 1462 numina
969 1423 1124 1462 tradere
1157 1425 1343 1464 suadent.

197 1482 295 1521 Dum
328 1482 537 1534 dubitant,
569 1494 697 1522 seram
727 1482 915 1533 pepulere
948 1483 1179 1533 crepuscula
1210 1483 1362 1536 lucem,

197 1541 419 1592 Umbraque
453 1541 603 1580 telluris
635 1540 818 1580 tenebras
850 1540 1057 1579 induxerat
1088 1541 1198 1580 orbi:

199 1600 295 1638 Cum
328 1600 424 1639 deus
456 1601 496 1638 in
529 1601 675 1638 somnis
708 1599 834 1651 opifer
866 1600 1081 1638 consistere
1114 1602 1220 1639 visus

198 1660 295 1697 Ante
328 1664 440 1697 tuum
459 1690 469 1710 ‚
501 1658 674 1697 Romane
693 1689 704 1710 ,
736 1664 896 1710 torum,
928 1657 997 1696 sed
1029 1658 1154 1708 qualis
1185 1660 1225 1697 in
1257 1659 1351 1698 aede

110 1724 175 1754 555
197 1717 294 1756 Esse
326 1717 454 1768 solet;
486 1716 746 1767 baculumque
779 1722 917 1755 tenens
950 1722 1102 1767 agreste
1135 1718 1291 1756 sinistra

198 1776 418 1814 Caesariem
450 1776 586 1827 longae
619 1775 755 1814 dextra
786 1774 981 1813 deducere
1013 1774 1180 1829 barbae,

199 1834 247 1872 Et
277 1833 428 1885 placido
462 1834 557 1872 tales
590 1835 768 1872 emittere
800 1838 960 1884 pectore
991 1845 1132 1873 voces:

199 1890 320 1931 ‘Pone
341 1898 469 1931 metus
488 1925 500 1945 ,
525 1894 676 1931 veniam
689 1923 700 1944 ,
720 1891 1004 1948 simulacraque
1025 1898 1158 1931 nostra
1178 1892 1419 1944 relinquam.

196 1951 311 1990 Hunc
342 1945 457 1989 modo
490 1956 713 2002 serpentem
733 1982 743 2002 ,
774 1949 956 1989 haculum
983 1952 1049 2001 qui
1081 1950 1246 1990 nexibus
1278 1951 1421 2004 ambit,

111 2017 178 2049 660
198 2010 383 2061 Perspice
416 2015 456 2048 et
487 2022 612 2061 usque
646 2014 737 2048 nota
768 2010 882 2061 visu,
913 2014 958 2047 ut
995 2021 1232 2060 cognoscere
1269 2012 1419 2061 possis.

197 2068 336 2107 Vertar
366 2069 407 2107 in
437 2068 572 2107 hunc:
605 2068 673 2107 sed
705 2068 827 2106 maior
860 2078 926 2105 ero
945 2099 956 2119 ,
989 2073 1199 2119 tantusque
1236 2068 1422 2122 videbor,

197 2127 241 2165 In
274 2132 463 2178 quantum
495 2126 639 2165 debent
670 2125 849 2165 caelestia
882 2137 1046 2176 corpora
1078 2123 1214 2165 verti.'

199 2185 404 2236 Extemplo
438 2197 528 2224 cum
560 2197 653 2223 voce
686 2184 812 2236 deus,
845 2196 934 2223 cum
966 2196 1060 2223 voce
1093 2185 1244 2236 deoque

199 2243 368 2283 Somnus
400 2243 509 2296 abit,
541 2244 745 2294 somnique
778 2244 908 2293 sugam
939 2242 1005 2281 lux
1043 2243 1141 2282 alma
1172 2250 1306 2282 secuta
1338 2250 1420 2284 est.

111 2309 178 2340 665
198 2301 360 2341 Postera
393 2301 568 2340 sidereos
601 2313 741 2340 aurora
773 2302 974 2352 fugaverat
1004 2303 1139 2352 ignes:

197 2359 342 2399 Incerti
360 2391 372 2413 ,
404 2360 497 2411 quid
530 2365 672 2412 agant,
702 2371 889 2412 proceres
922 2359 968 2398 ad
1001 2360 1142 2412 templa
1174 2362 1286 2412 petiti

1068 2426 1140 2461 21*
