1554 2563
509 53 593 88 XIV
608 80 616 98 ,
643 57 829 88 422—495
842 81 848 88 .
969 66 1144 88 monam-:s
1265 53 1352 94 295

128 162 279 202 Moenia
312 163 568 216 condiderat,
600 163 820 214 dotaliaque
853 175 941 202 arva
976 162 1154 202 tenebat.

46 230 113 260 460
135 220 211 260 Sed
244 221 415 261 Venulus
447 221 572 260 Turni
602 228 808 273 postquam
842 221 1019 260 mandata
1052 223 1202 273 peregit

129 279 402 331 Auxiliumque
434 282 560 332 petit,
592 281 694 319 vires
726 279 900 319 AetolIus
932 280 1048 319 heros

128 337 326 390 Excusat3
358 350 431 377 nec
463 350 505 377 se
537 345 603 377 aut
634 340 762 377 soceri
795 340 1038 377 committere
1071 350 1222 390 pugnae

131 395 235 435 Velle
269 398 329 435 sui
360 397 553 449 populos,
587 402 653 435 aut
685 408 782 448 quos
816 409 836 435 e
868 403 984 447 gente
1017 408 1180 436 suorum

129 455 291 507 Armet,
323 454 466 493 habere
498 457 602 493 viros
670 452 781 494 ‘neve
814 455 909 494 haec
936 462 1155 494 commenta
1179 457 1351 508 putetis,

42 521 110 552 465
131 513 341 552 Admonitu
374 525 607 564 quamquam
638 513 768 552 luctus
801 520 1039 552 renoventur
1071 516 1213 566 amari,

129 571 331 623 Perpetiar
352 584 569 610 memorare
591 578 719 611 tamen
741 603 748 610 .
781 579 987 623 postquam
1008 572 1083 611 alta
1102 578 1273 612 cremata
1293 581 1351 612 est

130 630 228 669 Ilion
247 662 258 682 ‚
285 638 323 669 et
355 629 502 669 Danaas
533 636 726 682 paverunt
756 630 944 682 Pergama
975 630 1110 683 Diras,

129 688 396 740 Naryciusque
430 688 545 728 heros
564 720 575 741 ,
608 701 627 728 a
660 688 816 740 Virgine
849 690 997 739 virgine
1032 695 1171 742 rapta,

131 747 255 793 Quam
288 749 431 786 meruit
461 759 625 798 poenam
659 747 764 786 solus
783 779 794 799 ‚
827 747 988 798 digessit
1019 749 1059 786 in
1092 760 1251 800 omnes,

41 814 110 846 470
132 806 389 858 Spargimur,
422 812 466 849 et
491 808 616 845 ventis
650 808 805 845 inimica
836 818 906 857 per
938 817 1109 856 aequora
1140 808 1240 859 rapti

129 864 307 903 Fulmina
326 896 336 916 ,
369 871 552 917 noctem,
584 864 729 904 imbres
748 896 759 917 ,
790 866 887 904 iram
920 864 1094 915 caelique
1127 867 1324 916 marisque

130 923 380 974 Perpetimur
412 922 560 975 Danai,
594 923 872 974 cumulumque
906 922 1103 974 Capharea
1135 923 1276 963 cladis.

130 981 234 1020 Neve
267 994 398 1020 morer
430 982 607 1021 referens
639 983 771 1020 tristes
803 994 849 1020 ex
882 981 1019 1020 ordine
1052 993 1188 1034 casus,

131 1040 291 1080 Graecia
324 1046 406 1079 tum
438 1042 566 1092 potuit
595 1040 748 1079 Priamo
782 1052 939 1091 quoque
970 1039 1098 1078 flenda
1129 1040 1275 1079 videri.

42 1107 109 1137 475
129 1098 190 1138 Me
223 1106 352 1138 tamen
384 1099 589 1138 armiferae
622 1104 817 1139 servatum
850 1110 944 1137 cura
970 1098 1163 1137 Minervae

131 1157 336 1196 Fluctibus
368 1159 540 1208 eripuit.
580 1159 717 1208 patriis
749 1157 818 1196 sed
851 1169 991 1195 rursus
1024 1156 1070 1195 ab
1103 1159 1206 1208 agris

128 1215 258 1255 Pellor
277 1247 288 1269 ‚
320 1222 359 1254 et
390 1217 549 1266 antiquo
582 1227 776 1254 memores
809 1216 856 1254 de
890 1215 1049 1254 vulnere
1081 1227 1226 1266 poenas

130 1273 259 1325 Exigit
291 1274 388 1313 alma
420 1273 580 1326 Venus;
612 1280 819 1325 tantosque
852 1286 922 1325 per
954 1274 1029 1312 alta
1059 1273 1212 1313 labores

131 1334 309 1384 Aequora
340 1334 539 1385 sustinui,
571 1339 698 1371 tantos
730 1331 986 1372 terrestribus
1018 1334 1159 1383 armis,

43 1399 111 1430 480
132 1391 183 1430 Ut
214 1391 309 1430 mihi
341 1391 474 1430 felices
507 1392 585 1429 sint
615 1390 670 1429 illi
702 1402 818 1442 saepe
850 1392 998 1442 ¹vocati,

132 1449 239 1495 Quos
272 1451 490 1488 communis
522 1449 648 1488 hiems
680 1451 996 1500 inportunusque
1030 1448 1283 1500 Caphareus-

130 1508 266 1547 Mersit
297 1510 407 1558 aquis
426 1539 437 1560 ‚
469 1507 685 1558 vellemque
717 1507 858 1545 horum
889 1519 980 1558 pars
1012 1519 1088 1546 una
1121 1509 1304 1546 fuissem.

131 1566 271 1605 Ultima
302 1568 378 1605 iam
409 1568 514 1617 passi
541 1567 704 1604 comites
734 1565 916 1616 belloque
947 1565 1128 1616 fretoque

132 1624 326 1664 Deficiunt
356 1625 551 1675 finemque
584 1630 723 1674 rogant
750 1626 924 1662 erroris.
964 1631 1003 1663 at
1034 1625 1181 1662 Acmon

45 1691 110 1722 485
132 1683 320 1722 Fervidus
352 1685 538 1734 ingeniO,
572 1689 654 1721 tum
687 1694 777 1720 vero
811 1690 849 1721 et
881 1681 1055 1722 cladibus
1087 1695 1224 1735 asper,

132 1739 265 1788 “Quid
298 1748 507 1793 superest,
541 1741 643 1792 quod
676 1742 752 1779 iam
783 1742 969 1791 patientia
1001 1747 1130 1780 vestra
1161 1747 1320 1780 recuset

132 1800 250 1839 Ferre
269 1831 280 1853 ,
308 1801 379 1839 viri
398 1797 434 1838 ‘?'
461 1799 557 1838 dixit
585 1797 694 1850 ‘quid
719 1798 836 1837 habet
857 1798 1046 1850 Cytherea
1065 1831 1076 1851 ‚
1102 1799 1205 1850 quod
1233 1799 1355 1852 ultra,

135 1858 236 1897 Velle
268 1865 391 1910 puta,
424 1859 539 1896 saciat
558 1855 579 1896 ‘?
611 1869 700 1896 nam
733 1857 826 1896 dum
857 1859 991 1908 peiora
1023 1859 1235 1909 timentur,

129 1916 201 1956 Est
231 1917 341 1955 locus
373 1918 412 1955 in
439 1916 610 1956 vulnus:
643 1927 728 1954 sors
755 1922 885 1954 autem
910 1915 977 1954 ubi
1003 1918 1171 1966 pessima
1196 1928 1355 1968 rerum,

45 1984 111 2014 490
133 1974 214 2014 Sub
245 1975 411 2027 pedibus
444 1976 560 2014 timor
593 1981 681 2026 est,
714 1985 930 2024 securaque
957 1986 1108 2013 summa
1141 1974 1355 2014 malorum.

132 2033 272 2072 Audiat
302 2035 385 2084 ipsa
404 2065 414 2084 ,
447 2033 538 2072 licet
555 2065 566 2085 ‚
599 2039 638 2072 et
655 2064 666 2083 ,
699 2032 801 2083 quod
835 2033 955 2084 facit,
987 2032 1114 2071 oderit
1146 2044 1282 2071 omnes
1329 2060 1335 2064 -

133 2092 213 2131 Sub
245 2092 431 2130 Diomede
464 2093 568 2130 viros
585 2123 596 2143 ‚
628 2091 763 2130 odium
794 2097 924 2129 tamen
957 2090 1060 2129 illius
1092 2103 1227 2130 omnes

133 2150 392 2202 Spernimus3
425 2156 464 2188 et
494 2161 633 2201 magno
666 2155 742 2188 stat
773 2149 1102 2200 magniloquentia
1134 2147 1301 2187 nobis.''

132 2208 290 2247 Talibus
322 2210 481 2247 irritans
515 2207 704 2247 Venerem
735 2206 970 2246 Pleuronius
1001 2208 1148 2245 Acmon

44 2266 352 2306 495111stimulat
385 2267 512 2306 verbis
531 2297 542 2317 ‚
576 2273 826 2317 veteremque
860 2267 1068 2304 resuscitat
1098 2267 1218 2309 iram.
