1554 2563
601 111 635 146 II
647 139 658 155 ,
684 114 868 146 209—282
884 139 892 146 .
1038 122 1221 145 emi-:Tuon
1362 108 1417 150 29

198 222 352 274 Quique
385 223 602 262 recurvatis
632 221 732 261 ludit
762 219 994 260 Maeandros
1026 221 1067 259 in
1098 218 1238 273 undis,

197 282 506 333 Mygdoniusque
537 280 657 320 Melas
689 286 728 319 et
758 279 974 318 Taenarius
1005 278 1197 318 Eurotas.

197 341 304 379 Arsit
335 346 374 379 et
404 339 624 391 Euphrates
656 337 891 390 Babylonius
909 369 921 390 ‚
953 339 1050 376 arsit
1080 336 1274 389 Orontes,

198 398 525 449 Thermodonque
547 399 649 437 citus
664 429 676 450 ‚
695 397 925 448 Gangesque
939 428 949 448 ,
970 402 1009 435 et
1027 395 1164 435 Phasis
1178 428 1188 448 ‚
1208 401 1248 435 et
1266 394 1416 435 Hister.

112 464 178 498 250
199 458 359 497 Aestuat
391 456 563 508 Alpheus
581 488 592 509 ,
623 457 731 508 ripae
758 455 1018 507 Spercheides
1051 454 1212 494 ardent:

200 516 392 567 Quodque
413 527 484 555 suo
504 515 634 567 Tagus
654 527 767 554 amne
787 514 893 553 vehit
911 546 922 566 ‚
948 513 1035 553 ssuit
1054 513 1210 565 ignibus
1229 544 1239 565 ‚
1266 524 1422 552 aurum:

199 574 250 614 Et
282 586 379 625 quae
411 573 607 613 Maeonias
639 573 884 613 celebrarant
916 574 1087 611 carmine
1120 573 1224 623 ripas

200 633 426 672 Flumineae
457 632 637 672 volucres
656 665 668 685 ,
699 632 828 671 medio
861 631 1016 671 caluere
1049 630 1234 682 Caystro.

200 692 311 732 Nilus
343 693 383 731 in
415 697 636 731 extremum
667 692 767 742 sugit
798 692 1034 743 perterritus
1066 689 1203 728 orbem

113 759 180 792 255
202 750 460 802 Occuluitque
493 757 639 803 caput,
671 750 774 803 quod
814 750 939 789 adhuc
976 749 1098 788 latet.
1138 750 1237 787 ostia
1275 752 1425 799 septem

201 809 477 849 Pulverulenta
509 816 676 862 vacant,
710 815 861 860 septem
893 810 976 848 sine
1009 808 1168 847 flumine
1200 805 1344 845 valles.

202 869 300 908 Fors
332 868 468 907 eadem
499 868 681 907 Ismarios
713 867 889 907 Hebrum
922 879 1012 906 cum
1045 866 1251 917 Strymone
1284 866 1427 916 siccat,

202 927 492 979 Hesperiosque
508 939 641 966 amnes
648 959 658 979 ‚
673 926 853 966 Rhenum
862 926 1171 976 Rhodanumque
1179 923 1428 975 Padumque,

204 986 355 1038 Cuique
388 986 463 1025 fuit
494 998 629 1025 rerum
660 987 853 1037 promissa
884 985 1057 1036 potentia
1077 1015 1088 1035 ,
1119 981 1322 1034 Thybrin.

116 1054 184 1085 260
205 1045 354 1084 Dissilit
385 1057 500 1084 omne
533 1044 689 1097 solum,
719 1049 979 1096 penetratque
1010 1044 1051 1081 in
1077 1041 1241 1080 Tartara
1271 1040 1381 1080 rimis

205 1104 354 1143 Lumen
386 1109 426 1142 et
456 1104 656 1143 infernum
688 1108 812 1142 terret
843 1114 933 1141 cum
965 1102 1130 1152 coniuge
1161 1111 1318 1151 regem.

205 1163 254 1202 Et
284 1174 390 1201 mare
423 1161 670 1201 contrahitur
688 1193 700 1214 ‚
731 1163 937 1212 siccaeque
977 1166 1038 1199 est
1069 1171 1230 1210 campus
1260 1158 1429 1197 harenae

206 1221 318 1267 Quod
337 1220 453 1260 modo
471 1226 617 1272 pontus
638 1226 746 1273 erat3
767 1231 944 1272 quosque
959 1219 1081 1258 altum
1094 1223 1246 1257 texerat
1260 1227 1407 1268 aequor
1420 1247 1431 1269 ‚

206 1280 413 1319 Exsistunt
443 1284 597 1318 montes
623 1285 663 1318 et
695 1291 850 1331 sparsas
882 1277 1066 1330 Cycladas
1099 1282 1265 1328 augent.

118 1347 184 1379 265
205 1339 284 1378 Ima
314 1344 456 1390 petunt
485 1339 644 1391 pisces,
675 1350 749 1377 nec
781 1350 822 1377 se
855 1349 975 1389 super
1006 1347 1177 1388 aequora
1208 1334 1319 1374 curvi

206 1397 362 1436 Tollere
394 1403 602 1436 consuetas
634 1397 778 1436 audent
810 1396 1014 1448 delphines
1044 1396 1085 1434 in
1118 1406 1252 1433 auras.

208 1456 380 1508 Corpora
411 1456 627 1508 phocarum
659 1468 811 1495 summo
843 1456 1028 1506 resupina
1059 1452 1256 1505 profundo

208 1515 435 1554 Exanimata
466 1520 629 1554 natant.
667 1516 798 1565 ipsum
830 1525 986 1565 quoque
1018 1511 1145 1551 Nerea
1176 1512 1276 1549 fama
1309 1516 1369 1548 est

211 1573 431 1624 Doridaque
463 1579 504 1612 et
534 1578 643 1612 natas
675 1572 818 1624 tepidis
850 1572 1010 1610 latuisse
1043 1569 1116 1609 sub
1149 1570 1294 1608 antris.

121 1641 189 1673 270
209 1633 288 1671 Ter
319 1631 526 1683 Neptunus
558 1632 668 1683 aquis
701 1643 790 1670 cum
822 1636 933 1669 torvo
965 1628 1146 1668 bracchia
1177 1627 1287 1666 vultu

210 1691 404 1730 Exserere
437 1702 556 1730 ausus
589 1696 701 1742 erat3
733 1696 794 1729 ter
826 1701 904 1727 non
935 1688 1026 1727 tulit
1056 1688 1157 1726 aeris
1188 1688 1322 1737 ignes.

211 1750 318 1788 Alma
349 1755 480 1788 tamen
511 1749 644 1788 Tellus
663 1781 674 1801 ‚
707 1747 770 1798 [ut
801 1753 885 1786 erat
916 1746 1154 1786 circumdata
1184 1750 1331 1796 ponto,

210 1808 318 1847 Inter
349 1819 469 1860 aquas
499 1808 625 1859 pelagi
658 1812 880 1846 contractos
911 1805 1085 1856 undique
1115 1804 1269 1856 fontes,

213 1867 289 1912 Qui
319 1878 362 1906 se
393 1866 650 1906 condiderant
680 1867 721 1904 in
753 1877 894 1917 opacae
927 1865 1076 1903 viscera
1101 1864 1262 1914 matris,

125 1934 192 1965 275
214 1925 382 1965 Sustulit
413 1924 641 1977 oppressos]
675 1923 773 1963 collo
806 1929 921 1962 tenus
953 1922 1060 1961 arida
1092 1921 1246 1971 vultus,

213 1984 485 2036 Opposuitque
516 1995 675 2023 manum
707 1983 857 2034 fronti,
888 1992 1107 2032 magnoque
1138 1985 1312 2018 tremore

214 2042 353 2082 Omnia
385 2043 616 2082 concutiens
647 2041 806 2093 paulum
839 2039 1017 2079 subsedit
1048 2044 1088 2078 et
1117 2038 1219 2077 infra

215 2101 340 2146 Quam
371 2100 471 2140 solet
502 2113 588 2140 esse
607 2132 619 2153 ‚
649 2101 753 2151 suit3
785 2110 974 2149 sacraque
1006 2099 1059 2137 ita
1078 2108 1173 2135 voce
1192 2096 1324 2135 locuta
1355 2101 1437 2134 est:

215 2157 273 2198 ‘Si
291 2159 420 2211 placet
437 2159 513 2198 hoc
530 2191 542 2212 ,
566 2160 772 2210 meruique
790 2189 803 2211 ‚
828 2157 923 2208 quid
949 2169 971 2195 o
991 2162 1058 2196 tua
1078 2154 1240 2195 fulmina
1261 2159 1439 2206 cessant,

128 2227 195 2258 280
216 2218 376 2257 Summe
408 2217 525 2257 deum
543 2215 565 2256 ‘?
594 2217 710 2257 liceat
740 2218 938 2268 periturae
971 2214 1120 2254 viribus
1151 2214 1253 2265 ignis

215 2276 308 2327 Igne
339 2278 470 2328 perire
502 2282 570 2316 tuo
589 2307 600 2328 ‚
631 2275 859 2326 clademque
891 2279 1051 2313 auctore
1082 2272 1232 2311 levare.

216 2334 287 2373 Vix
318 2334 501 2387 equidem
532 2335 666 2374 fauces
697 2334 793 2373 haec
824 2335 909 2385 ipsa
939 2334 980 2371 in
1010 2330 1128 2371 verba
1159 2326 1328 2370 resolvo’
1359 2350 1415 2358 —
