1554 2563
473 74 559 110 XIII
574 101 582 118 ,
609 77 795 109 526—597
811 100 818 108 .
963 87 1100 109 mecum
1237 74 1319 116 271

99 183 330 236 Expilatque
363 185 472 236 genis
499 184 633 223 oculos
652 215 663 236 ,
689 206 744 212 —
767 184 858 224 facit
889 185 946 223 ira
977 184 1170 223 valentem
1193 206 1244 212 —

99 243 365 294 Inmergitque
398 255 536 282 manus
554 274 565 294 ,
598 242 827 294 foedataque
860 245 1048 294 sanguine
1081 244 1184 282 sonti

100 301 186 340 Non
219 301 350 341 lumen
368 333 380 354 ‚
407 323 461 329 —
482 313 610 352 neque
643 303 746 341 enim
778 308 960 353 superest
979 324 1034 329 —
1054 302 1137 341 loca

789 411 792 414 ‚
981 360 1140 399 luminis
1171 360 1325 401 haurit.

13 426 81 459 565
103 418 219 458 Clade
252 420 313 458 sui
344 419 540 458 Thracum
572 431 668 470 gens
699 420 850 458 irritata
884 421 1036 470 tyranni

101 477 252 516 Troada
285 477 454 517 telorum
485 477 735 529 lapidumque
767 479 965 517 incessere
998 480 1102 517 iactu

102 535 267 588 Coepit.
307 542 345 575 at
376 536 471 576 haec
502 538 665 575 missum
699 548 817 575 rauco
845 549 934 576 cum
960 549 1163 576 murmure
1191 549 1325 576 saxum

101 594 297 634 Morsibus
316 596 561 647 insequitur,
582 596 763 646 rictuque
783 596 823 634 in
838 595 954 634 verba
967 602 1102 648 parato
1136 604 1163 631 ι.
1183 603 1325 631 clxxviii.

102 653 273 692 Latravit
291 685 302 705 ‚
334 660 472 692 conata
504 653 640 705 loqui.
678 653 788 693 locus
820 660 955 706 extat,
987 660 1026 693 et
1057 667 1104 693 ex
1136 666 1179 693 re

14 720 82 752 570
102 712 253 751 Nomen
285 711 429 764 habet3
462 718 718 763 veterumque
751 712 817 751 diu
858 725 1008 752 memor
1039 712 1103 752 illa
1135 712 1325 752 malorum

102 771 202 810 Tum
236 783 392 822 quoque
427 771 625 810 Sithonios
658 771 819 810 ululavit
850 777 995 810 maesta
1028 783 1098 823 per
1130 783 1267 823 agroS.

102 829 209 868 Illius
242 829 442 880 Troasque
477 842 568 869 suos
600 830 813 881 hostesque
844 830 1052 882 Pelasgos,

102 888 209 927 illlus
241 888 397 927 fortuna
430 888 524 927 deos
557 901 712 939 quoque
744 895 919 928 moverat
950 901 1109 941 omnes3

104 946 168 986 Sic
201 959 336 986 omnes
355 978 367 999 ‚
398 953 442 986 ut
474 953 512 986 et
542 949 625 998 ipsa
657 947 757 986 Iovis
790 949 1038 999 coniunxque
1071 960 1261 999 sororque

15 1012 82 1045 575
102 1005 275 1045 Eventus
307 1005 507 1044 Hecubam
539 1007 731 1044 meruisse
764 1008 963 1057 negaverit
994 1005 1102 1045 illos.

161 1064 248 1103 Non
267 1070 376 1103 vacat
395 1065 567 1103 Aurorae
587 1096 598 1117 ‚
626 1076 859 1115 quamquam
879 1065 1002 1104 isdem
1024 1065 1170 1104 faverat
1190 1066 1329 1118 armis,

104 1122 287 1162 Cladibus
319 1129 359 1162 et
390 1135 481 1162 casu
514 1123 732 1174 Troiaeque
764 1122 1026 1174 Hecubaeque
1058 1124 1229 1162 moveri.

105 1181 207 1220 Cura
240 1181 350 1220 deam
382 1183 543 1233 propior
574 1181 783 1233 luctusque
816 1181 1055 1221 domesticus
1087 1183 1194 1232 angit

104 1240 321 1279 Memnonis
354 1241 514 1292 amissi,
546 1239 725 1291 Phrygiis
758 1252 874 1291 quem
906 1240 1010 1279 lutea
1042 1242 1188 1292 campis

17 1305 84 1338 580
105 1298 208 1337 Vidit
238 1298 410 1338 Achillea
441 1304 674 1350 pereuntem
707 1299 867 1350 cuspide
900 1305 1048 1351 mater;

105 1356 238 1409 Vidit,
272 1363 311 1397 et
341 1357 404 1396 ille
439 1357 574 1410 color,
606 1369 682 1408 quo
716 1359 904 1396 matutina
936 1357 1154 1396 rubescunt

106 1415 329 1467 Tempora,
360 1415 580 1468 palluerat,
612 1415 801 1467 latuitque
834 1417 874 1454 in
900 1415 1072 1455 nubibus
1104 1416 1238 1455 aether

105 1475 154 1513 At
185 1486 264 1513 non
294 1476 486 1526 inpositos
519 1476 712 1525 supremis
744 1473 900 1525 ignibus
932 1480 1040 1513 artus

108 1532 305 1572 Sustinuit
337 1538 515 1584 spectare
547 1545 689 1584 parens
709 1564 720 1584 ‚
752 1533 820 1571 sed
852 1534 960 1571 crine
993 1532 1145 1585 soluto,

20 1599 85 1630 585
108 1591 219 1630 Sicut
250 1597 362 1643 erat,
394 1592 522 1643 magni
555 1590 719 1642 genibus
751 1590 1011 1643 procumbere
1044 1604 1121 1630 non
1155 1598 1215 1631 est

108 1649 320 1701 Dedignata
352 1649 453 1688 Iovis
471 1681 482 1702 ‚
515 1649 764 1701 lacrimisque
796 1649 866 1689 has
899 1650 1041 1689 addere
1073 1662 1214 1690 voces:

109 1708 315 1748 ‘Omnibus
347 1709 540 1761 inferior,
573 1720 669 1759 quas
702 1709 871 1747 sustinet
903 1720 1046 1748 aureus
1079 1708 1243 1762 aether,
1277 1730 1331 1738 —-

107 1767 204 1806 Nam
236 1767 331 1806 mihi
363 1773 456 1806 sunt
485 1773 611 1806 totum
638 1768 835 1805 rarissima
861 1767 1004 1818 templa
1028 1779 1100 1818 per
1120 1767 1254 1806 orbem
1277 1788 1330 1796 -

109 1825 202 1864 Diva
234 1832 363 1865 tamen
396 1827 538 1864 venio:
571 1837 647 1864 non
680 1830 725 1864 ut
756 1824 918 1864 delubra
950 1825 1112 1876 diesque

22 1891 88 1924 590
108 1884 184 1923 Des
216 1884 310 1923 mihi
343 1884 539 1923 sacrificos
567 1883 827 1935 caliturasque
859 1883 1016 1935 ignibus
1048 1896 1156 1923 aras.

110 1942 150 1982 Si
183 1948 312 1982 tamen
345 1944 508 1994 aspicias
527 1974 538 1995 ,
571 1948 758 1993 quantum
791 1941 861 1981 tibi
894 1943 1036 1981 femina
1067 1949 1263 1994 praestem

109 2001 210 2040 Tum
242 2014 331 2041 cum
363 2002 450 2040 luce
482 2013 579 2040 nova
611 2002 737 2040 noctis
769 2001 935 2039 confinia
968 2013 1104 2052 servo,

109 2059 286 2099 Praemia
319 2060 442 2099 danda
467 2066 582 2112 putes
603 2091 611 2098 .
651 2059 719 2098 sed
746 2071 824 2098 non
851 2071 895 2098 ea
922 2071 1016 2098 cura
1041 2071 1169 2110 neque
1189 2058 1252 2098 hic
1274 2065 1333 2099 est

109 2117 223 2158 Nunc
255 2124 380 2158 status
411 2119 584 2158 Aurorae
603 2149 614 2170 ‚
646 2119 808 2157 meritos
840 2123 884 2157 ut
914 2123 1051 2169 poscat
1081 2117 1273 2157 honores.

22 2184 90 2216 595
111 2176 328 2216 Memnonis
361 2176 455 2216 orba
487 2178 564 2216 mei
595 2178 707 2215 venio
727 2208 738 2229 ‚
771 2177 837 2227 qui
869 2176 985 2215 fortia
1017 2176 1164 2215 frustra

110 2234 186 2274 Pro
218 2242 358 2287 patruo
390 2236 479 2275 tulit
511 2247 616 2274 arma
649 2247 750 2287 suo,
781 2236 996 2286 primisque
1029 2233 1102 2274 sub
1135 2235 1246 2273 annis

110 2291 263 2333 Occidit
294 2306 315 2333 a
346 2294 438 2334 sorti
471 2315 525 2322 —
559 2295 615 2333 sic
645 2306 714 2333 vos
739 2293 915 2333 voluistis
949 2314 1003 2321 -
1036 2292 1207 2332 Achille.
