1554 2563
536 86 604 121 XII
622 114 630 130 ,
656 88 842 121 505—576
858 113 866 121 .
947 97 1206 121 ramcnmmms
1288 84 1373 127 253

60 203 128 237 540
148 197 242 236 Acta
274 196 346 236 tibi
363 228 375 250 ‚
408 197 569 236 senior.
608 202 716 236 certe
750 196 845 235 mihi
877 208 991 248 saepe
1023 196 1176 235 referre

148 255 372 307 Nubigenas
404 255 572 294 domitos
603 267 624 293 a
657 267 698 294 se
730 262 841 306 pater
872 257 955 306 ipse
988 254 1136 293 solebat
1150 250 1175 293 .'

149 314 289 354 Tristis
321 314 368 353 ad
400 314 496 353 haec
522 313 653 365 Pylius
674 327 683 353 ε
710 311 819 365 ‘quid
845 326 906 353 me
934 315 1158 352 meminisse
1184 312 1373 353 malorum

150 372 265 424 Cogis
297 379 337 412 et
367 372 558 412 obductos
590 374 702 412 annis
733 372 960 412 rescindere
992 372 1147 425 luctus,

150 432 272 483 Inque
306 438 417 470 tuum
449 433 668 483 genitorem
701 431 834 470 odiiun
866 432 1112 482 offensasque
1145 428 1294 470 fateri?

62 498 129 530 545
150 490 217 529 Ille
250 491 408 542 quidem
439 492 585 529 maiora
617 490 691 529 fide
711 522 722 543 ‚
754 490 821 530 di!
854 492 1003 543 gessit,
1036 496 1075 529 et
1106 489 1242 528 orbem

149 549 327 600 Implevit
357 551 508 588 meritis
527 581 537 601 ‚
570 549 674 600 quod
706 549 860 588 mallem
892 561 1006 600 posse
1039 560 1206 600 negare.

153 608 230 647 Sed
262 620 391 659 neque
424 608 671 660 Deiphobum
704 620 777 647 nec
808 608 1084 660 Polydamanta
1115 619 1189 646 nec
1219 608 1349 658 ipsum

150 666 318 706 Hectora
350 667 552 706 laudamus
573 698 581 706 .
620 668 708 718 quis
741 668 846 706 enim
876 667 1092 706 laudaverit
1122 663 1311 706 hostem?

150 725 217 764 Ille
250 731 342 765 tuus
375 728 529 777 genitor
560 725 753 764 Messenia
785 727 938 764 moenia
971 725 1166 777 quondam

62 792 130 824 550
152 784 326 837 Stravit,
358 790 398 823 et
428 786 631 823 inmeritas
663 784 782 824 urbes
814 785 981 836 Elinque
1012 784 1213 836 Pylonque

150 843 280 882 Diruit
297 875 309 896 ‚
341 845 460 894 inque
493 855 601 882 meos
634 844 784 883 ferrum
816 843 1088 894 flammamque
1119 848 1282 894 penates

151 902 326 954 Inpulit.
364 908 486 953 utque
520 902 614 941 alios
646 908 795 942 taceam
814 934 825 955 ,
858 914 957 953 quos
988 902 1052 941 ille
1083 903 1274 953 peremit,

151 961 216 1000 Bis
248 973 317 1000 sex
348 960 507 1000 Nelidae
540 962 685 1000 suimus
703 994 714 1014 ‚
747 966 958 1013 conspecta
988 962 1195 1000 iuventus:

152 1019 218 1058 Bis
251 1032 320 1059 sex
351 1019 557 1059 Herculeis
590 1020 820 1059 ceciderunt
838 1052 849 1072 ‚
880 1032 942 1059 me
975 1021 1104 1058 minus
1136 1031 1240 1071 uno,

64 1086 131 1118 555
153 1078 312 1117 Viribus
333 1110 341 1117 .
380 1084 497 1129 atque
530 1079 625 1117 alios
658 1080 760 1117 vinci
791 1080 967 1130 potuisse
999 1078 1207 1117 ferendum
1241 1084 1322 1118 est:

152 1137 249 1176 Mira
280 1137 541 1188 Periclymeni
573 1150 679 1176 mors
711 1144 772 1176 est
792 1168 800 1176 .
839 1139 902 1176 cui
934 1149 1050 1188 posse
1082 1137 1227 1188 figuras

154 1196 319 1235 Sumere
353 1208 449 1247 quas
481 1196 624 1248 vellet,
656 1208 875 1247 rursusque
908 1207 1101 1247 reponere
1135 1201 1310 1246 sumptas

152 1255 359 1306 Neptunus
392 1254 582 1308 dederat,
613 1254 723 1294 Nelei
755 1255 956 1306 sanguinis
989 1259 1149 1293 auctor.

151 1313 223 1352 Hic
255 1313 323 1352 ubi
355 1316 594 1364 nequiquam
625 1319 686 1352 est
717 1314 862 1352 formas
894 1314 1064 1351 variatus
1096 1314 1137 1351 in
1169 1325 1330 1366 omnes,

64 1379 132 1412 560
152 1372 327 1411 Vertitur
347 1374 387 1411 in
408 1373 547 1411 faeiem
566 1372 736 1411 volucris
749 1404 760 1425 ‚
780 1384 879 1423 quae
900 1372 1062 1410 fulmina
1083 1373 1213 1410 curvis
1228 1379 1252 1406 f.
1265 1379 1378 1406 clxxvi.

153 1431 272 1469 Ferre
306 1431 404 1470 solet
435 1431 602 1482 pedibus
621 1463 632 1483 ,
664 1431 795 1469 divum
827 1431 1048 1481 gratissima
1080 1431 1187 1480 regi.

153 1489 309 1528 Viribus
341 1502 437 1528 usus
470 1491 549 1528 avis
581 1491 722 1540 pennis
754 1494 962 1539 rostroque
995 1488 1170 1527 redunco

152 1548 404 1599 lIamatisque
436 1549 510 1586 viri
541 1547 752 1586 laniaverat
782 1547 981 1598 unguibus
1013 1559 1104 1586 ora.

152 1607 296 1646 Tendit
326 1609 367 1646 in
399 1606 499 1645 hanc
531 1608 695 1645 nimiu-m
729 1612 858 1645 certos
890 1605 1122 1657 Tirynthius
1155 1617 1294 1658 arcuS,

65 1673 132 1705 565
153 1667 279 1717 Atque
311 1667 415 1704 inter
448 1665 572 1704 nubes
605 1665 786 1704 sublimia
817 1664 993 1703 membra
1024 1665 1218 1703 ferentem

152 1725 474 1775 Pendentemque
509 1725 599 1763 serit
618 1756 628 1776 ‚
660 1724 772 1762 lateri
805 1736 881 1774 qua
914 1722 1097 1762 subditur
1128 1723 1208 1762 ala.

152 1784 233 1822 Nec
264 1796 380 1834 grave
412 1783 554 1822 vulnus
587 1788 699 1835 erat3
732 1782 800 1821 sed
832 1784 940 1833 rupti
971 1781 1133 1820 vulnere
1165 1783 1275 1820 nervi

153 1842 378 1893 Deficiunt,
410 1848 639 1892 motumque
673 1846 816 1892 negant
846 1843 1030 1891 viresque
1061 1840 1239 1879 volandi.

152 1900 304 1939 Decidit
334 1902 375 1939 in
407 1906 553 1939 terram
572 1932 583 1953 ,
615 1912 693 1938 non
726 1899 1040 1950 concipientibus
1073 1911 1188 1937 auras

67 1959 324 1999 5701nserius
357 1961 497 2011 pennis
516 1991 528 2012 ‚
560 1965 599 1997 et
631 1971 730 2009 quae
762 1958 858 1996 levis
889 1958 1069 1996 haeserat
1100 1957 1206 2009 alae,

154 2017 340 2069 Corporis
372 2019 476 2056 affixi
508 2030 643 2069 pressa
677 2022 736 2056 est
767 2018 955 2067 gravitate
989 2017 1128 2066 sagitta

152 2076 307 2127 Perque
340 2076 440 2115 latus
474 2089 671 2115 summum
702 2075 835 2126 iugulo
868 2080 929 2113 est
961 2080 1095 2113 exacta
1127 2075 1310 2114 sinistro.

153 2135 255 2174 Num
288 2135 422 2173 videor
455 2135 600 2173 debere
632 2135 690 2173 tui
722 2135 929 2185 praeconia
962 2133 1081 2171 rebus

153 2193 364 2245 Herculis,
396 2206 418 2232 o
452 2193 624 2232 Rhodiae
658 2193 799 2231 ductor
831 2192 1096 2244 pulcherrime
1129 2188 1301 2230 classis?

65 2259 132 2291 575
153 2252 233 2290 Nec
266 2259 396 2291 tamen
430 2252 625 2303 ulterIus‚
659 2264 775 2302 quam
809 2252 924 2289 sortia
957 2252 1057 2289 faeta
1090 2250 1239 2289 silendo

153 2309 329 2350 Ulciscor
362 2311 533 2350 fratres.
572 2310 694 2349 solida
726 2316 786 2349 est
817 2309 913 2348 mihi
944 2311 1067 2361 gratia
1098 2315 1231 2348 tecum
1245 2305 1269 2347 .'
