1554 2563
520 109 568 144 XI
586 137 594 153 ,
621 108 829 153 vec—XII,
856 113 922 145 60.
1068 121 1159 144 um
1306 107 1390 149 239

223 219 432 259 Permanet
463 219 596 258 Aoniis
628 218 781 258 Nereus
813 219 1006 259 violentus
1038 220 1079 258 in
1110 218 1250 271 undis,

103 285 145 316 25
167 278 350 330 Bellaque
383 290 461 317 non
494 278 710 330 transfert3
744 284 782 317 et
814 284 906 318 sunt
938 280 1005 330 qui
1036 290 1200 330 parcere
1232 277 1373 316 Troiae

165 336 391 389 Neptunum
424 336 614 390 credant,
647 338 736 388 quia
768 338 921 376 moenia
953 338 1101 376 fecerat
1131 336 1243 376 urbi.

166 396 213 434 At
245 408 323 435 non
355 395 636 435 Thestorides.
676 407 749 434 nec
782 397 886 435 enim
917 397 1090 435 nescitve
1123 400 1296 447 tacetve,

166 453 362 506 Sanguine
389 456 563 506 virgineo
595 454 821 506 placandam
853 456 1014 506 virginis
1046 456 1144 493 iram

166 512 262 552 Esse
294 513 417 552 deae.
455 518 663 565 postquam
695 515 880 564 pietatem
911 513 1067 565 publica
1094 525 1233 565 causa,

100 579 144 610 30
166 571 326 622 Rexque
358 577 509 623 patrem
540 573 662 624 vicit,
695 578 923 623 castumque
957 572 1094 611 datura
1126 583 1308 611 cruorem

165 630 369 670 Flentibus
401 636 490 670 ante
523 642 629 669 aram
661 632 770 670 stetit
801 630 1001 682 Iphigenia
1031 632 1246 683 ministris,

164 688 273 728 Victa
305 689 376 728 dea
408 694 497 741 est,
528 689 752 741 nubemque
785 689 910 728 oculis
942 689 1113 742 obiecit,
1147 695 1186 728 et
1216 690 1320 728 inter

166 747 348 787 Officium
380 748 615 799 turbamque
647 749 749 787 sacri
780 760 974 799 vocesque
1007 754 1239 800 precantum

167 806 376 858 Subposita
408 807 534 846 fertur
566 812 737 846 mutasse
769 806 970 858 Mycenida
1002 819 1138 847 cerva.
1233 815 1261 841 f.
1281 813 1390 840 clxxii·

101 873 144 904 35
166 865 269 917 Ergo
302 865 368 904 ubi
387 897 398 918 ,
430 878 506 917 qua
538 865 698 918 decuit,
730 865 849 904 lenita
882 871 943 904 est
974 866 1090 905 caede
1123 865 1267 918 Diana,

166 923 215 963 Et
245 926 394 976 pariter
424 924 602 964 Phoebes
622 956 633 977 ,
664 925 811 976 pariter
843 926 961 963 maris
993 926 1050 963 ira
1082 926 1271 978 recessit,

167 984 375 1034 Accipiunt
405 989 542 1022 ventos
575 995 595 1021 a
628 989 738 1034 tergo
772 982 874 1022 mille
908 984 1088 1036 carinae,

166 1041 364 1093 Multaque
396 1054 606 1094 perpessae
639 1041 806 1093 Phrygia
837 1043 1044 1093 potiuntur
1074 1041 1242 1081 harena.

226 1100 331 1139 Orbe
362 1100 472 1140 locus
504 1100 632 1140 medio
665 1106 725 1139 est
755 1102 859 1139 inter
891 1106 1096 1151 terrasque
1129 1101 1353 1152 fretumque

101 1166 145 1198 40
167 1159 443 1211 Caelestesque
475 1159 606 1211 plagas
625 1191 636 1212 ,
668 1158 833 1210 triplicis
866 1159 1032 1198 confinia
1064 1159 1224 1198 mundi:

166 1218 276 1257 Unde
310 1218 413 1269 quod
446 1224 507 1258 est
537 1230 703 1269 usquam
722 1249 733 1271 ‚
765 1219 940 1269 quamvis
973 1217 1200 1269 regionibus
1232 1219 1357 1270 ansit,

167 1277 379 1328 Inspicitur
396 1309 408 1330 ,
438 1283 698 1328 penetratque
731 1289 842 1315 cavas
874 1288 946 1314 vox
979 1278 1105 1316 omnis
1138 1276 1184 1315 ad
1218 1288 1356 1316 aures.

167 1335 282 1374 Fama
313 1341 450 1388 tenet,
482 1347 712 1386 summaque
745 1335 904 1374 domum
937 1334 1011 1374 sibi
1043 1335 1138 1387 legit
1168 1337 1208 1374 in
1241 1347 1355 1387 arce,

167 1394 478 1446 innumerosque
511 1394 637 1433 aditus
671 1406 714 1432 ac
745 1394 850 1432 mille
883 1394 1072 1432 foramina
1103 1395 1221 1433 tectis

103 1461 145 1491 45
168 1453 352 1505 Addidit,
385 1458 425 1492 et
455 1452 571 1492 nullis
603 1452 763 1492 inclusit
793 1452 924 1491 limina
957 1454 1105 1503 portis,

167 1511 289 1550 Nocte
321 1511 464 1563 dieque
495 1516 603 1563 patet
622 1542 630 1550 .
668 1516 750 1550 tota
782 1516 841 1550 est
873 1523 920 1549 ex
953 1522 1042 1549 aere
1076 1512 1253 1563 sonanti3

167 1570 265 1609 Tota
297 1570 457 1622 fremit,
489 1581 684 1620 vocesque
716 1569 868 1621 refert,
900 1570 1095 1620 iteratque
1129 1569 1233 1620 quod
1265 1569 1386 1609 audit.

168 1628 281 1668 Nulla
312 1630 424 1680 quies
456 1630 562 1668 intus
581 1660 592 1681 ,
624 1627 808 1679 nullaque
841 1627 993 1666 silentia
1025 1633 1159 1679 parte.

167 1687 248 1727 Nec
279 1693 410 1726 tamen
442 1693 502 1726 est
534 1687 679 1726 clamor
698 1718 708 1738 ‚
741 1686 809 1725 sed
841 1698 982 1737 parvae
1014 1699 1217 1725 murmura
1248 1689 1379 1726 vocis:

103 1753 146 1785 50
168 1746 303 1792 Qualia
335 1746 382 1784 de
414 1746 569 1798 pelagi,
601 1747 724 1796 siquis
756 1745 895 1796 procul
927 1745 1087 1797 audiat,
1119 1745 1235 1784 undis

168 1805 265 1844 Esse
298 1804 453 1857 solent3
486 1804 687 1856 qualemve
722 1815 891 1856 sonum,
923 1816 1013 1842 cum
1044 1803 1221 1855 Iuppiter
1253 1810 1357 1844 atras

168 1863 369 1916 Increpuit
398 1863 524 1902 nubes
543 1895 554 1916 ‚
587 1868 759 1902 extrema
791 1863 964 1901 tonitrua
996 1862 1188 1901 reddunt.

168 1923 275 1962 Atria
307 1921 421 1961 turba
453 1927 584 1961 tenet:
614 1923 777 1960 veniunt
807 1920 890 1959 leve
922 1920 1062 1971 vulgus
1095 1926 1294 1974 euntque;

169 1981 365 2033 Mixtaque
397 1993 487 2020 cum
518 1981 622 2019 veris
653 1981 798 2031 passim
831 1985 1050 2018 commenta
1081 1985 1270 2029 vagantur

105 2047 148 2078 55
169 2039 272 2078 Milia
303 2051 537 2092 rumorum,
570 2039 810 2089 confusaque
844 2037 960 2076 verba
992 2037 1189 2076 volutant.

170 2098 200 2136 E
233 2098 376 2149 quibus
407 2098 448 2137 hi
479 2109 619 2137 vacuas
652 2096 816 2148 implent
847 2095 1095 2134 sermonibus
1128 2108 1267 2149 aures,

170 2156 218 2195 Hi
249 2162 405 2196 narrata
436 2157 570 2195 ferunt
601 2155 674 2194 alio
694 2186 705 2207 ,
737 2167 1001 2205 mensuraque
1034 2155 1113 2193 ficti

172 2215 350 2268 Crescit,
382 2220 422 2254 et
452 2215 593 2254 auditis
626 2213 770 2264 aliquid
803 2225 926 2251 novus
959 2213 1076 2251 adicit
1107 2217 1267 2253 auctor.

171 2273 252 2312 lllic
285 2273 503 2313 Credulitas
522 2305 533 2325 ,
564 2272 642 2312 illic
673 2273 908 2311 temerarius
940 2270 1064 2310 Error

108 2339 152 2371 so
172 2331 353 2384 Vanaque
385 2331 548 2371 Laetitia
580 2336 641 2370 est
672 2331 991 2381 consternatique
1022 2329 1226 2383 Timores,
