1554 2563
90 105 147 147 24
300 118 485 141 run-,mou
637 104 705 140 ME
713 104 852 140 TAMM
865 130 875 141 .

207 216 284 262 Qui
316 216 398 255 sera
429 214 597 254 terribili
627 214 819 254 iaculatur
850 213 1012 254 fulmina
1043 214 1203 266 dextra,

206 274 292 313 Non
324 279 412 325 agat
440 273 513 312 hos
545 285 715 314 currus.
754 280 794 313 et
825 272 918 325 quid
950 273 1039 312 Iove
1059 274 1184 312 maius
1203 271 1425 313 habemus?

206 332 336 371 Ardua
367 333 492 384 prima
522 333 582 371 via
613 338 674 371 est
704 337 743 371 et
774 344 849 383 qua
880 333 943 370 vix
974 342 1086 370 mane
1117 337 1296 371 recentes

206 390 417 430 Enitantur
448 392 568 442 equi.
607 390 736 430 medio
769 397 830 430 est
861 390 1047 429 altissima
1078 389 1210 443 caelo,

142 457 185 489 65
206 449 316 488 Unde
348 461 455 488 mare
486 455 526 488 et
556 455 683 488 terras
715 450 789 501 ipsi
820 449 915 488 mihi
947 460 1062 500 saepe
1093 447 1226 488 videre

208 508 270 547 Fit
300 509 418 547 timor
436 539 447 560 ‚
478 514 518 547 et
548 508 684 559 pavida
716 507 886 559 trepidat
917 506 1125 546 formidine
1156 513 1318 558 pectus.

205 565 348 606 Ultima
377 578 502 618 prona
532 568 592 605 via
623 572 684 606 est
714 573 754 606 et
785 572 873 617 eget
903 565 1167 605 moderamine
1200 572 1332 606 certo:

206 625 319 665 Tunc
350 626 468 664 etiam
500 637 598 676 quae
630 637 693 664 me
725 624 913 664 subiectis
945 625 1090 676 excipit
1121 624 1261 677 undis,

205 683 262 723 Ne
295 684 400 723 ferar
430 685 470 723 in
502 695 691 735 praeceps
710 715 721 736 ‚
747 683 892 735 Tethys
925 682 1024 722 solet
1054 684 1138 734 ipsa
1169 684 1318 722 vereri.

143 751 187 782 70
207 742 314 781 Adde
346 742 451 794 quod
483 742 638 782 assidua
669 743 821 794 rapitur
852 743 1042 793 vertigine
1075 741 1224 780 caelum

210 801 426 852 Sideraque
458 800 532 840 alta
563 800 683 840 trahit
708 800 906 852 celerique
932 799 1127 838 volumine
1159 806 1339 850 torquet.

206 859 318 899 Nitor
348 861 390 898 in
422 859 628 898 adversum
647 891 658 912 ‚
689 871 762 898 nec
793 871 855 898 me
888 860 956 910 qui
988 864 1118 897 cetera
1136 890 1147 910 ,
1178 860 1299 898 vincit

206 918 380 970 Impetus
399 949 410 970 ,
441 924 481 957 et
511 917 646 969 rapido
679 919 899 957 contrarius
932 916 1075 956 evehor
1106 916 1215 956 orbi.

206 976 327 1027 Finge
359 976 470 1016 datos
502 989 674 1016 currus:
713 976 805 1028 quid
838 988 929 1027 ages
948 973 970 1015 P
1000 977 1200 1027 poterisne
1232 976 1368 1015 rotatis

143 1043 186 1075 75
207 1034 354 1075 Obvius
384 1036 442 1074 ire
474 1035 573 1086 polis
592 1066 604 1088 ,
635 1047 684 1074 ne
715 1041 754 1074 te
787 1036 887 1074 citus
919 1034 1071 1074 auferat
1101 1031 1217 1074 axis?

205 1093 386 1133 Forsitan
418 1099 457 1132 et
486 1093 596 1132 lucos
627 1093 706 1132 illic
737 1093 937 1144 urbesque
968 1092 1133 1132 deorum

207 1151 412 1203 Concipias
438 1153 566 1191 animo
599 1151 840 1203 delubraque
873 1152 967 1191 ditia
999 1151 1110 1190 donis

208 1210 304 1250 Esse
323 1208 346 1250 ?
376 1222 447 1262 per
478 1210 638 1249 insidias
669 1212 745 1249 iter
777 1216 838 1249 est
868 1211 1092 1261 formasque
1124 1209 1320 1248 ferarum.

208 1269 334 1320 thue
367 1270 467 1308 viam
499 1274 633 1308 teneas
664 1268 850 1320 nulloque
884 1281 1019 1307 errore
1043 1267 1242 1320 traharis,

143 1336 187 1367 80
206 1327 283 1368 Per
313 1332 444 1367 tamen
476 1327 628 1366 adversi
658 1327 848 1379 gradieris
879 1339 1026 1366 cornua
1057 1326 1178 1365 Tauri

206 1385 521 1437 Haemoniosque
554 1397 670 1425 arcus
701 1385 938 1437 violentique
970 1397 1038 1424 ora
1069 1383 1211 1423 Leonis

208 1444 407 1496 Saevaque
439 1445 607 1483 circuitu
640 1450 866 1483 curvantem
895 1443 1078 1483 bracchia
1109 1443 1223 1494 longo

208 1503 400 1555 Scorpion
432 1508 548 1553 atque
587 1502 698 1542 aliter
736 1508 963 1542 curvantem
1000 1501 1181 1540 bracchia
1213 1500 1430 1542 Cancrum.

207 1561 288 1601 Nec
319 1561 391 1601 tibi
423 1561 696 1613 quadrupedes
728 1563 924 1600 animosos
955 1560 1112 1612 ignibus
1143 1560 1243 1612 illis,

140 1628 184 1660 85
206 1621 313 1666 Quos
345 1621 385 1658 in
416 1625 578 1671 pectore
610 1619 754 1659 habent
771 1651 783 1672 ‚
814 1631 913 1671 quos
933 1631 1001 1658 ore
1033 1625 1074 1658 et
1092 1618 1252 1658 naribus
1273 1619 1430 1672 efflant,

208 1678 253 1718 In
284 1684 469 1730 promptu
500 1690 639 1729 regere
665 1684 753 1717 est.
791 1680 855 1716 vix
880 1689 943 1716 me
962 1679 1166 1729 patiuntur
1185 1709 1196 1730 ‚
1226 1677 1294 1716 ubi
1319 1690 1430 1718 acres

207 1736 410 1776 Incaluere
442 1738 590 1789 animi,
622 1738 831 1787 cervixque
864 1742 1056 1787 repugnat
1086 1735 1270 1775 habenis,

207 1795 257 1834 At
286 1801 329 1834 tu
347 1827 359 1848 ‚
390 1795 535 1834 funesti
567 1807 616 1833 ne
648 1796 721 1834 sim
751 1794 823 1833 tibi
853 1795 1028 1833 muneris
1060 1800 1220 1846 auctor,

208 1853 305 1893 Nate
325 1885 337 1905 ‚
368 1865 459 1892 cave
479 1886 490 1905 ,
522 1854 615 1892 dum
647 1865 791 1904 resque
824 1854 945 1905 sinit,
975 1857 1042 1891 tua
1075 1854 1228 1903 corrige
1260 1858 1370 1892 vota.

144 1921 189 1953 90
211 1912 370 1951 Scilicet
401 1918 446 1951 ut
476 1918 611 1950 nostro
637 1913 813 1963 genitum
843 1917 882 1950 te
914 1912 1102 1962 sanguine
1135 1911 1295 1963 credas,

207 1971 374 2022 Pignera
405 1976 512 2009 certa
542 1967 684 2022 petis?
716 1969 764 2008 do
796 1971 957 2020 pignera
989 1975 1096 2008 certa
1127 1969 1326 2023 timendo,

207 2028 258 2068 Et
287 2031 414 2080 patrio
445 2034 556 2080 pater
582 2040 668 2067 esse
700 2034 806 2067 metu
837 2027 985 2079 probor
1004 2059 1013 2067 .
1051 2028 1180 2078 aspice
1211 2028 1341 2068 vultus

208 2086 311 2126 Ecce
343 2099 480 2126 meos.
518 2088 746 2137 utinamque
777 2085 912 2125 oculos
943 2088 983 2124 in
1014 2092 1174 2137 pectora
1204 2098 1341 2138 posses

209 2145 418 2198 Inserere,
450 2151 489 2184 et
519 2147 663 2196 patrias
695 2147 801 2184 intus
833 2143 1076 2196 deprendere
1109 2144 1246 2184 curas!

152 2212 195 2243 95
216 2203 391 2255 Denique
412 2204 598 2254 quicquid
618 2202 735 2242 habet
754 2203 861 2242 dives
880 2234 890 2254 ,
922 2204 1181 2254 circumspice
1199 2235 1210 2256 ‚
1237 2203 1406 2243 mundus
1419 2235 1430 2256 ‚

210 2261 320 2312 Eque
353 2267 411 2300 tot
443 2274 486 2301 ac
518 2263 636 2301 tantis
669 2261 765 2301 caeli
795 2267 1005 2311 terraeque
1037 2263 1234 2312 marisque

210 2320 333 2359 Posce
365 2319 478 2359 bonis
506 2320 651 2371 aliquid
672 2350 681 2359 .
719 2319 864 2359 nullam
894 2321 1043 2370 patiere
1074 2319 1293 2371 repulsam.
