1554 2563
1380 105 1458 140 XLI

108 214 245 253 niueis.
305 215 492 252 innocuus
523 213 643 251 Ianus
676 213 744 252 ille
776 213 1007 264 Fastorum,
1039 222 1056 252 1
1077 216 1159 253 247
1193 215 1244 252 ad
1277 216 1373 265 253,
1406 216 1461 253 di-

110 272 226 322 citur,
257 273 303 310 ut
333 271 551 310 Deucalion
582 280 599 309 1
620 272 722 322 3273
763 272 861 311 satis
893 273 1171 312 convenienter
1202 273 1253 311 ad
1283 274 1460 313 nativam

113 333 156 369 et
188 330 432 369 defaecatam
462 330 702 369 narrationis
734 331 911 381 reliquae
943 332 1250 381 simplicitatem.
1374 329 1459 371 383

109 384 285 435 NEQUE'
317 397 396 427 Am*
432 385 683 427 ξΒΕΙΗΗΕΒΕ.
745 390 800 428 sic
837 390 912 427 ΜΕ
952 392 1003 440 et,
1042 390 1146 439 quod
1183 390 1300 429 modo
1332 391 1459 440 video,

111 448 283 486 maxima
320 460 413 497 pars
451 447 662 498 librorum3
699 450 744 486 ut
781 448 980 497 scriptura
1010 449 1177 498 vulgata
1212 460 1331 497 neque
1360 451 1460 488 enim

110 507 266 545 reddere
301 518 350 544 ne
387 506 618 545 vetustioris
660 506 818 556 quidem
854 507 1172 556 interpolationis
1212 520 1297 546 esse
1328 508 1459 546 videa-

108 568 194 603 tur:
239 576 478 614 quamquam
514 565 563 603 de
603 577 650 603 ea
692 577 735 603 re
778 566 1051 615 ampliandum
1094 578 1244 605 censeo.
1306 566 1354 605 de
1396 580 1458 606 vv.

107 623 382 673 sequentibus,
414 623 556 672 quibus
582 623 683 662 disee
709 623 754 672 E,
786 636 865 661 non
890 624 1128 664 mutaverim
1158 625 1358 663 iudicium.

107 678 194 721 396
231 681 329 720 NEc
374 689 616 729 QUICQUAM
661 690 869 729 ANTIQUI.
930 683 988 721 ita
1025 683 1143 732 plane
1180 683 1232 721 M.
1370 681 1455 722 427

107 740 267 779 obelum
298 741 465 790 apposui
497 741 718 789 scripturae
750 741 802 779 M.
850 741 1010 780 videtur
1040 742 1170 780 inesse
1202 742 1278 780 loci
1309 743 1455 781 clarius

107 799 269 848 aliquod
310 799 516 837 indicium:
562 800 831 849 meminerint,
876 801 980 849 siqui
1022 801 1087 839 via
1132 799 1307 839 Ostiensi
1349 801 1457 839 ultra

108 858 281 907 lapidem
317 858 400 895 fere
437 857 632 895 decimum
669 858 874 908 progressi
910 859 1070 897 fuerint.
1132 859 1236 909 quod
1280 860 1374 898 olim
1416 860 1457 898 in

107 916 265 955 inficeta
304 916 611 965 interpolatione
649 917 941 967 acquieveram,
972 929 1111 956 versus
1143 918 1456 957 emendationem

106 987 154 1014 ex
192 975 445 1024 inhospitalis
483 976 593 1024 ripae
629 976 755 1024 partis
793 976 1103 1026 investigatione
1145 988 1224 1015 non
1268 977 1457 1027 quaesivi,

108 1046 224 1083 quem
262 1033 474 1072 admodum
510 1035 670 1082 postero
709 1034 772 1072 die
808 1033 928 1073 Atria
966 1035 1148 1073 Tiberina
1185 1035 1325 1074 dextra
1369 1036 1458 1085 ripa

107 1095 198 1142 post
229 1092 401 1141 lapidem
432 1093 595 1130 tertium
627 1091 796 1130 feliciter
829 1095 922 1131 sunt
952 1094 1123 1142 reperta.
1258 1091 1343 1132 467
1376 1102 1456 1132 DA-

108 1158 227 1190 NAAS
259 1158 507 1189 PAVERUN'I*
540 1158 762 1189 PERGAMA
793 1159 944 1190 D1RAs.
986 1163 1177 1201 peryama
1206 1153 1359 1192 dextras
1390 1153 1456 1191 ad-

108 1210 254 1259 seri-pto
286 1210 327 1247 in
357 1210 538 1259 margine
569 1210 710 1249 danais
732 1213 945 1258 patuerunt
967 1222 1160 1259 peryama
1190 1211 1333 1250 dextris
1354 1212 1395 1249 M
1416 1216 1457 1250 et

106 1268 336 1318 paucissimi
366 1267 531 1307 Heinsii.
585 1280 774 1317 perqama
809 1270 990 1315 flammas
1026 1269 1169 1319 reliqui
1206 1282 1360 1320 omnes,
1391 1282 1456 1308 ne-

107 1327 298 1377 quissima
327 1326 644 1376 interpolatione.
689 1328 731 1365 in
762 1328 978 1378 archetypo
1009 1328 1133 1367 fuisse
1157 1330 1254 1377 puto
1274 1337 1455 1368 DEIRAS.

77 1386 232 1425 ‘Dirae
274 1385 426 1424 ultrices
469 1385 640 1435 Vergilii
681 1386 780 1424 Aen.
812 1395 861 1425 1v
893 1388 977 1425 473
1029 1395 1078 1426 VI
1111 1388 1197 1425 610
1241 1388 1456 1426 secundum

107 1444 351 1494 Aeschylum
382 1444 496 1482 Eum.
527 1445 611 1483 409
646 1443 773 1483 dictae
803 1445 1007 1493 videntur,
1044 1445 1154 1484 locus
1185 1445 1248 1484 hic
1278 1445 1454 1497 Aeschy-

106 1503 191 1541 lum
227 1502 367 1552 refert,
411 1503 487 1552 Ag.
515 1504 611 1552 125,
640 1504 734 1541 721.
883 1501 970 1542 476
1007 1512 1066 1542 AB
1108 1511 1257 1543 AGRIS.
1318 1505 1455 1543 malim

107 1569 263 1611 ARGlS,
294 1563 340 1599 ut
364 1569 380 1598 1
403 1562 503 1599 601:
534 1559 611 1610 τὴν
643 1557 817 1609 μάλιστα
849 1560 1140 1611 προεήκουεαν
1168 1559 1313 1601 αὐτοῖς
1343 1558 1454 1615 (Dio-

107 1620 212 1658 medi
242 1622 283 1658 et
313 1614 561 1671 Alcmaeoni)
600 1615 734 1668 ἀρχήν
771 1620 867 1658 dicit
904 1620 1047 1659 Strabo
1078 1634 1115 1670 p.
1136 1622 1234 1671 462,
1265 1624 1305 1659 et
1336 1623 1455 1660 antea

105 1679 186 1718 iam
217 1679 418 1717 exclusum
449 1679 498 1716 ab
530 1679 840 1728 Agamemnone.
984 1675 1070 1718 489
1102 1679 1192 1718 EST
1224 1687 1372 1719 LOCUS
1404 1689 1454 1718 IN

108 1745 302 1776 VULNUS.
364 1737 438 1776 Est
473 1737 576 1776 loeus
612 1738 654 1776 in
689 1738 840 1776 uultum
870 1737 922 1775 M.
953 1737 1028 1776 Est
1064 1738 1167 1777 loeus
1196 1739 1238 1777 in
1267 1741 1354 1777 uoto
1385 1741 1456 1777 aut

52 1843 55 1845 ,
106 1796 182 1835 Est
210 1798 253 1834 in
281 1798 369 1834 vota
400 1796 502 1835 locus
532 1796 686 1845 reliqui.
743 1795 1043 1834 Ciceronianum
1073 1797 1115 1834 in
1144 1797 1283 1846 primis
1314 1798 1455 1836 vulnus

106 1867 178 1904 pro
218 1854 447 1893 infortunio.
595 1851 682 1892 493
723 1862 1159 1901 MAGNILOQUENTIA.
1208 1867 1351 1904 mayna
1383 1868 1454 1904 po-

106 1914 224 1952 tentia
254 1913 295 1950 M
331 1924 420 1951 eum
457 1913 650 1951 omnibus.
698 1913 966 1962 magniloquus
1003 1914 1076 1952 hoc
1108 1913 1353 1964 significatu,
1384 1914 1452 1964 qui

105 1971 148 2010 in
173 1971 422 2010 substantivo
448 1973 510 2009 est
528 1971 761 2020 posterioris
787 1972 944 2021 aetatis,
976 1971 1075 2010 dixit
1099 1974 1219 2021 poeta
1249 1981 1335 2011 VIII
1356 1974 1453 2011 396.

223 2027 310 2068 494
341 2029 541 2069 TALIBUS
573 2038 802 2069 IRRITANS.
854 2032 998 2069 iratam
1022 2030 1063 2068 M
1089 2032 1130 2069 et
1154 2031 1327 2080 plurimi.
1376 2033 1453 2070 ira-

106 2091 167 2127 tae
202 2092 359 2127 veterem
396 2100 516 2132 aram,
565 2088 745 2127 Venerem
788 2090 911 2127 verbis
953 2090 1194 2128 instimulare
1235 2089 1454 2128 locutiones

107 2149 199 2186 sunt
238 2147 479 2197 inconditae3
522 2147 745 2186 emendatio
785 2160 874 2186 mea
918 2159 996 2186 non
1031 2148 1218 2186 violenta.
1367 2145 1454 2187 515

105 2213 303 2244 LEVIBUS
351 2212 519 2244 CANNIS
571 2214 823 2244 NUTANTIA.
884 2206 1032 2245 leuibus
1071 2208 1189 2255 yuttis
1238 2201 1358 2257 (yutis
1401 2202 1453 2258 E)

105 2265 232 2302 maior
245 2276 337 2313 pars
353 2263 547 2302 librorum
560 2264 727 2303 Heinsii.
753 2265 846 2313 post
863 2265 960 2303 haec
978 2267 1181 2304 manantia
1199 2265 1294 2303 libri
1308 2277 1453 2304 omnes,

105 2322 154 2361 ab
187 2323 260 2361 hoo
291 2322 640 2372 interpolationem
669 2323 890 2374 profectam
921 2335 1009 2362 esse
1039 2325 1169 2374 patet:
1201 2324 1334 2373 ipsum
1363 2323 1455 2362 inde
