1554 2563
1316 115 1380 148 XV

42 228 172 277 θριξὶν
205 224 312 267 εἶναι
344 229 513 266 Pausan.
546 236 561 266 1
589 228 663 277 28,
695 228 733 265 6.
789 239 875 266 cum
905 227 964 265 ita
995 231 1057 264 est
1086 235 1102 264 1
1131 226 1213 264 180
1246 224 1384 263 Caesa-

43 290 150 335 riem‚
182 299 268 326 cum
292 289 584 335 qua—movit,
615 294 664 324 Ν
686 286 768 324 546
801 287 942 324 scissae
973 296 1057 323 cum
1087 287 1185 323 veste
1216 285 1384 333 capillos,

45 355 90 385 VI
121 347 202 384 168
239 357 393 384 movens
416 366 466 372 —
486 344 585 383 Cum
622 345 744 392 capite
764 365 818 370 —
841 344 1010 392 capillos.
1159 340 1243 380 487
1278 350 1384 380 PAL-

43 412 232 451 LORQUE
264 411 410 443 FORES
443 410 634 442 INFECIT
666 410 893 441 AVERNUS.
948 402 1159 450 pristinam
1192 402 1384 440 coniectu-

42 476 129 502 ram
148 463 337 501 tuendam
359 463 544 500 arbitror.
573 462 706 510 pallor
726 462 809 500 sine
829 461 1006 510 epitheto
1026 461 1149 498 habet
1169 473 1245 509 quo
1267 460 1385 498 offen-

44 522 123 571 dat,
156 522 222 560 vix
253 522 375 559 habet
407 521 629 570 exemplum
659 520 836 559 locorum
868 521 951 557 435
986 527 1068 557 XIV
1087 521 1185 567 407,
1218 531 1385 567 qnorum

43 581 196 619 utrovis
233 579 322 618 Nox
352 580 504 618 Erebos
536 579 635 628 Styx
672 579 828 617 adsunt.
889 577 1070 616 Avernae
1099 578 1232 624 valles,
1265 576 1386 616 Aver-

42 651 96 678 na
119 639 222 677 Iuno
249 639 342 676 sunt
378 647 409 676 x
431 639 481 676 51
529 646 611 676 XIV
633 639 734 687 116,
774 633 967 685 δνοφερὰ
1005 632 1135 683 ἀχλὺς
1166 632 1272 674 κατὰ
1303 634 1384 674 δώ-

43 707 189 746 ματος,
228 693 380 742 Ετυγία
411 692 543 744 ἀχλύς
581 696 687 745 apud
724 696 967 745 Aeschylum
1004 695 1118 732 Eum.
1152 696 1232 733 571
1276 695 1385 733 Pers.

46 757 141 794 669.
264 752 344 793 757
384 762 715 794 ANDROMEDAN
746 763 804 793 ET
839 762 983 792 TAN'm
1015 761 1221 792 PRAEnnA
1247 761 1385 791 FACTI

44 814 95 852 IN
128 821 317 852 DoTA'rA
349 822 502 851 RAPIT.
565 814 762 862 dispescui
803 813 909 862 quod
945 813 1140 851 librorum
1178 814 1239 850 est
1269 812 1386 851 Indo-

44 876 135 911 tata.
196 884 323 921 neque
367 884 486 910 causa
528 872 623 910 talis
660 872 878 910 modestiae
915 874 1017 920 erat,
1060 883 1188 920 neque
1228 883 1314 909 mos
1351 872 1386 909 is

44 934 107 970 est
138 931 226 970 aevi
257 931 433 981 heroum,
464 943 591 980 neque
623 930 670 969 de
703 931 815 968 abitu
847 930 1055 968 etiamtum
1075 929 1211 968 Persei
1237 930 1385 968 mentio

44 999 74 1028 V
95 991 148 1028 27
185 991 266 1027 222
303 990 399 1027 229.
449 990 618 1028 elocutio
650 989 768 1027 huius
799 989 876 1027 loci
908 989 1010 1026 alius
1043 989 1105 1026 est
1136 988 1243 1026 modi
1269 1000 1387 1038 quam

46 1056 112 1087 vn
134 1050 216 1086 157
263 1056 295 1086 x
317 1049 400 1086 680
432 1049 556 1096 spolia
579 1051 761 1096 portans,
793 1048 902 1086 duxit
923 1048 1118 1096 praemia,
1149 1046 1250 1096 ideo,
1282 1047 1387 1096 quod

46 1118 145 1156 quae
184 1106 398 1145 cerimonia
433 1107 646 1155 posteriori
682 1107 769 1144 loco
799 1105 1016 1155 indicatur,
1053 1106 1128 1144 hoc
1158 1117 1386 1154 repraesen-

45 1167 172 1203 tatur:
204 1165 360 1214 rapitur
390 1165 471 1202 ritu
501 1165 673 1213 nuptiali
698 1164 953 1203 Andromeda
976 1164 1245 1213 potissimum:
1270 1176 1388 1212 prac-

45 1225 125 1262 mia
149 1223 370 1272 Hymenaei
403 1225 443 1261 et
474 1223 632 1261 Amoris
664 1224 835 1273 figurate
868 1223 1103 1261 adiciuntur.
1154 1223 1230 1260 loci
1261 1223 1388 1272 igitur

46 1282 245 1332 indicium,
277 1295 353 1331 quo
386 1294 489 1320 nova
518 1284 645 1331 nupta
675 1282 848 1332 rapitur,
879 1282 1029 1331 requiri
1059 1281 1235 1320 videtur:
1266 1281 1389 1319 fuerit

43 1353 92 1379 ea
123 1352 216 1389 pars
256 1340 412 1378 aedium
449 1341 654 1390 regiarum
685 1341 809 1379 dotali
847 1343 1042 1390 apparatu
1080 1340 1288 1380 instructa.
1339 1341 1387 1378 si-

48 1398 150 1437 milis
190 1401 251 1437 est
286 1399 453 1447 pluralis
491 1399 532 1436 in
571 1401 647 1438 ista
681 1412 803 1448 supra
842 1401 945 1449 336,
985 1399 1023 1437 h.
1055 1411 1088 1437 e.
1120 1399 1202 1437 loca
1232 1412 1268 1437 v.
1291 1400 1387 1447 337,

46 1459 230 1496 neutrum
262 1470 299 1496 v.
319 1458 402 1495 585
430 1460 546 1495 totum
566 1460 606 1495 et
635 1466 665 1495 v
688 1460 769 1496 622
801 1458 961 1505 caliyz'ne
985 1460 1131 1507 tectum,
1160 1457 1197 1494 h.
1213 1470 1244 1495 e.
1268 1453 1387 1506 ‘quod

47 1517 196 1554 tectum
236 1511 349 1554 erat'.
483 1513 566 1554 769
608 1524 689 1562 Qm
722 1524 861 1555 samm,
894 1523 1113 1554 EDocmT.
1169 1516 1262 1553 libri
1303 1517 1387 1553 tan-

47 1576 212 1612 tumnon
239 1586 373 1612 omnes
405 1573 510 1622 Quae
540 1575 665 1624 simul,
698 1575 801 1624 quod
832 1575 873 1611 in
897 1575 937 1611 M
970 1574 1164 1612 resedisse
1196 1574 1388 1622 putabam

48 1644 95 1670 ex
125 1632 432 1681 interpolatione
464 1644 521 1682 ea,
553 1633 663 1671 cuius
694 1646 731 1671 v.
753 1634 834 1671 767
869 1632 1045 1670 eiusdem
1076 1632 1117 1669 M
1150 1633 1388 1671 auctoritate

48 1691 211 1729 missum
249 1691 334 1729 feci.
395 1692 515 1740 poeta
552 1703 640 1729 cum
678 1692 893 1730 conventus
931 1692 972 1729 et
1009 1691 1188 1729 convivia
1225 1691 1387 1741 inducit,

47 1749 253 1787 consuevit
276 1749 578 1788 interlocutores
612 1750 765 1799 aliquot
789 1750 840 1788 ad
865 1752 1000 1798 partes
1026 1761 1178 1799 vocare,
1204 1762 1388 1799 suppres-

48 1808 102 1845 sis
142 1808 292 1846 scilicet
328 1808 554 1846 nominibus
591 1811 631 1846 et
672 1821 718 1846 ea
762 1820 987 1846 sermonum
1023 1809 1155 1858 parte,
1200 1820 1300 1857 quae
1338 1809 1388 1846 ad

48 1868 326 1915 argumentum
346 1867 530 1904 carminis
551 1867 862 1916 promovendum
880 1878 959 1905 non
978 1867 1213 1916 pertinebat,
1245 1880 1281 1904 v.
1304 1868 1388 1906 790

48 1932 95 1962 VI
118 1925 198 1962 382
240 1926 323 1963 383
369 1933 418 1962 XI
441 1927 536 1963 751.
596 1927 711 1965 simul
759 1925 1052 1974 impatientiam
1095 1925 1276 1974 depingit
1319 1928 1388 1963 aut

47 1983 223 2020 breviter
263 1984 577 2033 complectentis,
622 1997 721 2033 quae
765 1984 921 2032 copiose
959 1984 1035 2021 dici
1071 1986 1274 2033 poterant,
1319 1987 1389 2022 aut

49 2041 170 2090 aliqui
216 2042 327 2080 salva
370 2043 607 2080 verecundia
650 2055 673 2080 a
722 2043 978 2091 responsione
1021 2041 1070 2079 ad
1116 2042 1387 2091 quaestionem

47 2099 285 2138 festinantis.
346 2100 546 2149 Hauptius
589 2114 660 2150 pro
703 2101 846 2139 Persea
890 2100 1016 2138 suasit
1054 2100 1238 2150 Cepheus,
1283 2102 1387 2150 quod

48 2157 326 2208 interpolator,
365 2159 399 2196 si
430 2159 627 2197 hominem
658 2160 766 2208 novi,
808 2159 841 2196 si
874 2159 1066 2207 scriptum
1102 2159 1271 2209 invenit,
1309 2171 1386 2197 non

47 2216 193 2266 magis,
236 2219 353 2266 puto,
390 2219 618 2256 mutaturus
656 2220 742 2256 erat
780 2229 898 2266 quam
936 2217 1010 2265 Qui
1045 2217 1087 2254 in
1124 2217 1238 2265 Quae.

48 2272 303 2313 Coniecturas
334 2276 465 2324 recepi
490 2276 660 2314 Bentleii
684 2278 779 2324 506,
813 2275 1056 2313 Lachmanni
1077 2277 1161 2314 340
1197 2277 1291 2314 700.
1342 2288 1387 2313 ex

49 2332 79 2368 E
112 2332 234 2371 ascivi
265 2344 365 2382 quae
397 2345 420 2370 a
445 2333 486 2371 M
512 2334 733 2373 discedunt:
769 2335 835 2384 20,
868 2335 919 2372 31
954 2346 1043 2372 cum
1074 2334 1106 2371 L
1139 2330 1211 2383 (53
1241 2346 1287 2371 ex
1305 2334 1385 2371 Erf.
