1554 2563
618 95 653 129 11
667 121 675 138 ,
702 97 888 130 357—430
901 122 908 129 .
1064 106 1230 129 cAnus‘ro
1380 92 1436 135 33

212 204 318 244 Talia
349 204 545 244 dicentem
576 205 831 244 circumstant
862 204 990 243 omnia
1023 203 1154 242 Solem

124 270 192 302 395
213 262 379 302 Numina
398 295 409 316 ‚
440 275 538 302 neve
570 263 662 302 velit
691 262 875 302 tenebras
906 262 1094 301 inducere
1126 261 1271 314 rebus,

213 321 396 374 Supplice
422 333 517 361 voce
548 328 716 373 rogant.
754 323 896 360 missos
928 332 1085 372 quoque
1117 320 1293 373 Iuppiter
1325 321 1436 372 ignes

212 379 412 434 Excusat,
441 380 705 432 precibusque
738 381 862 418 minas
894 379 1077 430 regaliter
1109 379 1237 419 addit.

214 438 369 490 Colligit
400 445 575 478 amentes
606 445 646 478 et
677 438 804 477 adhuc
834 444 989 477 terrore
1021 444 1207 489 paventes

212 497 395 537 Phoebus
428 510 551 549 equos
569 530 580 550 ,
612 497 848 548 stimuloque
881 496 1016 536 dolens
1038 503 1078 536 et
1101 496 1266 536 verbere
1293 498 1438 545 saevit3

125 563 194 596 400
215 555 374 610 Saevit,
406 569 518 596 erum
550 563 762 607 natumque
795 555 964 595 obiectat
995 560 1035 594 et
1064 557 1220 607 inputat
1248 555 1349 595 illis.

271 615 320 654 At
349 622 461 668 pater
492 617 739 667 omnipotens
769 615 942 666 ingentia
973 615 1127 653 moenia
1159 614 1256 653 caeli

215 673 393 727 Circuit,
425 680 464 713 et
494 686 544 713 ne
576 674 670 725 quid
701 672 936 712 labefactum
961 672 1110 712 viribus
1141 674 1242 724 ignis

214 732 382 772 Corruat
399 764 411 786 ,
441 732 645 784 explorat.
685 744 783 783 quae
814 738 1022 783 postquam
1054 732 1165 770 firma
1197 732 1337 783 suique

213 790 381 831 Roboris
413 804 499 831 esse
531 792 664 843 videt,
695 797 822 830 terras
853 790 1135 841 hominumque
1165 789 1320 829 labores

126 857 194 889 405
214 849 436 902 Perspicit.
473 851 660 890 Arcadiae
691 856 823 889 tamen
854 855 915 888 est
945 850 1147 900 inpensior
1177 848 1233 887 illi

216 908 319 948 Cura
349 921 443 948 suae
464 940 473 948 .
511 910 640 948 sontes
672 914 711 947 et
741 908 916 947 nondum
948 907 1131 947 audentia
1161 906 1239 946 labi

215 967 393 1007 Flumina
423 969 626 1020 restituit,
658 966 723 1006 dat
754 973 883 1006 terrae
916 968 1119 1019 gramina,
1150 965 1310 1005 frondes

215 1026 432 1065 Arboribus
450 1057 461 1079 ,
492 1027 694 1077 laesasque
725 1025 835 1065 iubet
864 1026 1107 1064 revirescere
1140 1024 1278 1064 silvas.

216 1085 317 1124 Dum
349 1085 452 1124 redit
482 1087 591 1136 itque
623 1085 839 1137 frequens,
870 1085 912 1122 in
943 1085 1093 1135 virgine
1124 1082 1346 1122 Nonacrina

128 1150 197 1182 410
216 1143 380 1197 Haesit,
412 1150 452 1183 et
482 1145 634 1196 accepti
666 1143 820 1182 caluere
854 1141 927 1182 sub
959 1141 1115 1181 ossibus
1145 1143 1280 1193 ignes.

216 1202 303 1242 Non
335 1208 420 1242 erat
449 1202 567 1242 huius
599 1214 698 1254 opus
729 1201 856 1240 lanam
881 1200 1033 1240 mollire
1059 1199 1250 1240 trahendo

217 1261 298 1301 Nec
329 1263 461 1313 positu
493 1262 641 1300 variare
674 1272 832 1300 comas.
870 1259 939 1299 ubi
969 1259 1088 1299 fibula
1119 1265 1292 1312 vestem,

218 1319 319 1360 Vitta
351 1324 581 1359 coercuerat
606 1319 806 1371 neglectos
838 1318 924 1358 alba
956 1318 1139 1370 capium,

217 1378 267 1418 Et
286 1378 401 1417 modo
426 1379 510 1418 leve
530 1390 648 1418 manu
673 1377 844 1417 iaculum
862 1409 873 1430 ‚
904 1377 1020 1416 modo
1041 1382 1265 1428 sumpserat
1283 1388 1440 1429 arcum,

129 1443 197 1475 415
218 1437 330 1477 Miles
360 1444 444 1477 erat
474 1437 652 1477 Phoebes
672 1467 681 1476 .
719 1448 793 1476 nec
823 1436 1026 1475 Maenalon
1058 1436 1187 1487 attigit
1216 1434 1295 1474 ulla

219 1496 374 1536 Gratior
405 1496 477 1535 hac
509 1496 690 1535 Triviae.
729 1495 797 1534 sed
829 1494 935 1534 nulla
965 1495 1140 1546 potentia
1170 1493 1286 1545 longa
1317 1499 1399 1535 est.
1429 1497 1432 1499 ’

218 1554 391 1594 Ulterius
423 1554 551 1593 medio
583 1555 752 1605 spatium
783 1552 841 1592 sol
873 1552 973 1592 altus
998 1551 1188 1604 habebat,

220 1613 318 1653 Cum
350 1613 456 1653 subit
486 1613 550 1652 illa
581 1624 720 1652 nemus
739 1643 750 1665 ,
782 1611 887 1662 quod
918 1610 1024 1650 nulla
1056 1610 1253 1650 ceciderat
1283 1616 1411 1652 aetas.

219 1672 338 1711 Exuit
367 1672 431 1711 hic
463 1683 600 1711 umero
631 1671 855 1723 pharetram
885 1669 1093 1721 lentosque
1124 1669 1296 1709 retendit

131 1737 200 1769 420
219 1733 344 1770 Arcus
363 1763 374 1783 ,
400 1732 519 1782 inque
550 1729 632 1769 solo
652 1761 663 1782 ‚
695 1728 800 1780 quod
831 1734 984 1768 texerat
1013 1727 1135 1768 herba
1153 1760 1164 1781 ,
1196 1728 1347 1768 iacebat

219 1789 270 1829 Et
299 1791 445 1841 pictam
476 1790 601 1841 posita
632 1788 857 1840 pharetram
888 1788 1041 1827 cervice
1072 1786 1299 1839 premebat.

222 1848 398 1900 luppiter
429 1854 474 1887 ut
503 1847 599 1887 vidit
631 1848 774 1886 fessam
806 1852 845 1885 et
877 1846 1039 1885 custode
1071 1851 1297 1897 vacantem,

222 1904 320 1946 ‘Hoc
351 1912 459 1947 certe
491 1907 640 1946 furtum
672 1907 857 1954 coniunx,
875 1916 961 1944 mea
992 1905 1143 1944 nesciet
1159 1901 1187 1957 ,²
1218 1905 1347 1955 inquit

222 1963 314 2005 ‘Aut
344 1967 378 2005 si
408 1966 617 2017 rescierit,
649 1986 704 1992 —
737 1969 830 2003 sunt
860 1975 882 2002 ο
915 1969 1008 2002 sunt
1037 1964 1163 2014 iurgia
1194 1964 1292 2002 tanti
1306 1959 1331 2001 .’

133 2029 202 2061 425
222 2024 408 2064 Protinus
438 2023 617 2063 induitur
648 2023 787 2062 faciem
819 2021 1048 2073 cultumque
1079 2021 1223 2060 Dianae

222 2084 348 2134 Atque
380 2084 435 2122 ait
466 2079 504 2121 ‘o
537 2083 723 2121 comitum
742 2112 754 2134 ‚
784 2082 893 2132 virgo
912 2111 924 2133 ‚
954 2092 1045 2133 pars
1075 2092 1154 2120 una
1184 2091 1386 2134 mearum,

222 2142 266 2181 In
298 2140 441 2193 quibus
473 2153 515 2180 es
547 2147 683 2180 venata
714 2140 816 2191 iugis
835 2136 872 2179 ‘?'
904 2139 952 2179 de
985 2140 1156 2191 caespite
1188 2139 1296 2190 virgo

224 2199 274 2240 Se
305 2200 406 2239 levat
437 2205 476 2239 et
508 2196 626 2239 ‘salve
658 2210 805 2238 numen
823 2229 835 2251 ‚
865 2210 928 2238 me
959 2198 1089 2238 iudice
1106 2194 1134 2251 ‚'
1166 2197 1263 2237 dixit

224 2255 380 2298 ‘Audiat
409 2259 493 2310 ipse
524 2258 645 2311 licet,
676 2259 800 2296 maius
833 2256 921 2296 Iove
942 2253 966 2296 .’
1004 2256 1107 2296 ridet
1138 2262 1178 2295 et
1208 2255 1339 2309 audit,

135 2324 204 2357 430
222 2315 274 2356 Et
304 2315 379 2356 sibi
409 2317 601 2369 praeferri
632 2329 673 2355 se
706 2315 849 2368 gaudet
880 2321 919 2355 et
950 2314 1083 2355 oscula
1113 2316 1241 2366 iungit

176 2389 292 2417 ovn).
310 2389 361 2416 11.
1142 2385 1162 2414 3
