1554 2563
124 115 206 157 150
396 127 500 150 uiuos
677 113 891 149 METAMM
904 141 913 149 .

237 224 314 264 Per
346 223 475 276 siquid
507 224 635 263 merui
667 223 715 263 de
746 230 784 263 te
816 222 916 263 hene
937 256 947 276 ‚
978 236 1127 275 perque
1160 230 1383 264 manentem

148 291 215 323 855
236 283 349 322 Nunc
381 294 567 336 quoque,
599 294 688 322 cum
720 294 839 334 pereo
858 314 869 335 ‚
901 294 1057 321 causam
1089 282 1185 322 mihi
1217 284 1383 336 mortis,

1262 353 1459 393 amorem,

236 400 293 440 Ne
324 400 502 440 thalamis
532 399 677 439 Auram
708 401 856 452 patiare
886 399 1079 439 innubere
1111 397 1314 440 nostris.''

236 459 368 499 Dixit.
407 465 447 498 et
477 470 655 498 errorem
684 464 769 498 tum
801 458 970 510 denique
1002 459 1172 498 nominis
1203 471 1290 498 esse

236 517 287 557 Et
317 520 452 570 sensi,
484 522 524 557 et
554 517 698 557 docui.
737 517 806 556 sed
839 517 932 569 quid
963 517 1145 557 docuisse
1176 515 1365 557 iuvabat?

237 576 399 616 Labitur
417 608 428 630 ‚
460 581 500 615 et
529 588 670 628 parvae
702 576 859 628 fugiunt
890 588 981 616 cum
1013 577 1202 628 sanguine
1234 578 1336 616 vires

150 645 217 675 850
236 635 416 687 Dumque
436 634 582 686 aliquid
608 641 788 687 spectare
807 640 939 687 potest
956 666 967 688 ‚
993 647 1055 674 me
1075 641 1226 686 spectat
1244 667 1255 687 ,
1281 641 1321 675 et
1339 638 1378 674 in
1399 647 1460 674 me

237 694 439 734 Infelicem
471 695 639 733 animam
670 699 887 745 nostroque
919 693 1072 733 exhalat
1103 696 1143 733 in
1174 706 1266 733 ore.

238 752 315 793 Sed
346 752 457 792 vultu
488 752 650 792 meliore
682 754 783 792 mori
814 764 954 792 secura
985 752 1139 792 videtur
1153 748 1178 792 .'

236 811 440 851 Flentibus
471 811 567 850 haec
598 811 807 850 lacrimans
837 811 956 850 heros
987 810 1259 851 memorabat:
1297 816 1337 850 et
1369 824 1460 851 ecce

236 871 387 910 Aeacus
418 869 639 921 ingreditur
671 869 817 921 duplici
848 882 938 909 cum
968 870 1078 922 prole
1111 881 1290 921 novoque

149 937 216 970 865
237 929 357 969 Milite
376 961 388 981 ,
419 941 537 980 quem
569 928 762 980 Cephalus
794 941 885 968 cum
916 928 1084 968 fortibus
1115 930 1259 981 accipit
1289 931 1432 969 armis.

649 1066 718 1074 ——·

525 1182 708 1236 LIBER
746 1182 1022 1237 OCTAVUS
1037 1222 1048 1237 .

237 1282 316 1322 Iam
347 1281 515 1321 nitidum
546 1286 748 1333 retegente
780 1280 884 1319 diem
916 1282 1121 1332 noctisque
1154 1282 1311 1333 fugante

237 1340 431 1392 Tempora
461 1339 644 1379 Lucifero
677 1339 780 1379 eadit
811 1351 932 1378 eurus
950 1371 962 1392 ‚
993 1345 1033 1378 et
1064 1339 1195 1379 umida
1228 1347 1396 1392 surgunt

238 1398 406 1439 Nubila:
438 1398 532 1438 dant
561 1398 704 1450 placidi
736 1410 897 1437 cursum
928 1397 1187 1438 redeuntibus
1219 1401 1343 1438 austri

237 1457 414 1497 Aeacidis
446 1456 695 1509 Cephaloque
714 1488 726 1509 ,
758 1457 901 1507 quibus
932 1456 1099 1496 feliciter
1131 1459 1208 1497 acti

198 1526 216 1555 ὁ
237 1517 336 1556 Ante
367 1522 616 1568 expectatum
646 1521 785 1568 portus
816 1520 981 1555 tenuere
1012 1517 1178 1567 petitos.

238 1575 392 1614 Interea
422 1574 549 1614 Minos
580 1573 761 1626 Lelegeia
790 1573 905 1613 litora
936 1579 1084 1627 vastat,

238 1633 580 1685 Praetemptatque
613 1634 675 1672 sui
704 1634 809 1672 vires
840 1632 1024 1672 Mavortis
1055 1634 1096 1672 in
1127 1632 1225 1672 urbe

238 1692 441 1745 Alcathoi,
474 1704 591 1743 quam
621 1691 739 1731 Nisus
771 1690 888 1730 habet
904 1723 916 1744 ‚
948 1693 1012 1730 cui
1044 1691 1272 1743 splendidus
1305 1699 1413 1732 ostro

238 1751 345 1790 luter
375 1750 588 1789 honoratos
619 1750 826 1801 medioque
856 1751 898 1789 in
929 1752 1075 1789 vertice
1108 1762 1226 1789 canos

177 1819 219 1849 ιθ
241 1809 370 1849 Crinis
401 1808 660 1862 inhaerebat,
692 1810 822 1860 magni
852 1808 994 1848 fiducia
1025 1811 1160 1860 regni.

297 1867 415 1907 Sexta
445 1867 706 1919 resurgebant
736 1868 899 1906 orientis
931 1879 1079 1906 cornua
1109 1867 1249 1920 lunae,

239 1927 289 1966 Et
317 1925 514 1978 pendebat
544 1926 671 1966 adhuc
701 1925 793 1965 belli
824 1926 1010 1978 fortuna;
1045 1926 1190 1977 diuque

239 1986 346 2024 Inter
377 1990 591 2036 utrumque
623 1984 726 2024 volat
757 1983 886 2024 dubiis
917 1983 1088 2023 Victoria
1118 1987 1283 2036 pennis,

239 2044 360 2095 Regia
390 2044 513 2083 turris
545 2049 630 2083 erat
660 2042 858 2082 vocalibus
889 2042 1019 2082 addita
1049 2044 1196 2095 muris,

177 2110 218 2140 15
240 2102 283 2141 In
316 2101 460 2153 quibus
490 2109 666 2141 auratam
696 2101 827 2154 proles
858 2100 992 2140 Letoia
1023 2101 1150 2141 fertur

239 2160 477 2212 D‹=posuisse
507 2160 660 2214 lyram3
692 2172 784 2200 saxo
817 2172 937 2199 sonus
969 2161 1054 2199 eius
1085 2159 1275 2200 inhaesit.

241 2218 365 2270 Saepe
396 2218 490 2258 illuc
522 2219 635 2259 solita
666 2224 728 2258 est
758 2218 970 2258 ascendere
1002 2218 1079 2257 filia
1110 2218 1197 2258 Nisi

239 2275 288 2315 Et
319 2282 456 2328 petere
489 2279 630 2330 exiguo
661 2279 886 2317 resonantia
918 2289 1008 2316 saxa
1039 2276 1191 2331 lalelo,

239 2334 340 2374 Tum
373 2347 462 2374 cum
494 2348 567 2388 pax
601 2343 734 2375 esset.
772 2335 875 2375 bello
908 2347 1065 2386 quoque
1098 2348 1213 2388 saepe
1246 2336 1394 2376 solebat
