1554 2563
133 103 250 139 XXIV

133 217 186 254 eet
217 219 324 253 erum
353 213 393 250 M
427 215 460 251 et
490 215 610 251 cetera
642 211 807 259 (caetera
841 211 893 260 Ε)
932 215 1023 252 mta
1054 213 1200 261 pudori
1235 213 1314 252 LE.
1371 213 1473 253 eius-

133 273 221 311 dem
253 271 572 320 interpolationis
610 283 772 308 manum
808 282 1035 319 cognoscas.
1085 272 1280 310 medelam
1310 272 1474 310 adhibui

134 331 311 380 eandem,
343 342 462 379 quam
493 338 528 367 11
549 331 656 379 4003
674 341 813 383 ,neque
838 329 966 380 video,
998 330 1092 379 quid
1121 330 1163 367 in
1187 331 1474 379 particularum

133 389 455 438 frequentissima
481 388 729 437 copulatione
755 388 948 436 culpetur.
1071 385 1153 426 741
1181 397 1308 429 MALE
1332 396 1474 427 VIGTA
1553 388 1554 408 ¹

133 456 223 486 REA
255 456 351 486 EST.
413 446 470 485 sic
500 446 663 496 propius
696 447 898 495 aliquanto
931 444 982 484 ad
1013 447 1252 495 scripturam
1282 447 1343 497 M,
1382 459 1475 486 nam

132 507 165 544 L
196 505 544 554 interpolationem
582 505 753 554 orditur,
795 504 979 543 accedere
1009 506 1221 555 temptavi,
1261 505 1474 544 secundum

132 565 268 603 Amor.
300 572 334 602 II
361 565 385 602 5
426 565 477 602 12
525 562 599 602 Gai
633 566 780 611 petitur
818 565 918 602 victa
953 564 1092 611 palma
1135 567 1292 602 cruenta
1327 575 1397 603 rea
1435 566 1475 603 et

133 632 219 662 XIII
241 623 295 661 58
328 623 428 661 male
459 624 638 668 convicti;
673 635 709 660 v.
731 623 813 660 397
844 621 937 660 Ulta
967 633 1007 660 se
1036 623 1135 660 male
1165 625 1298 661 mater.
1389 619 1472 662 837

133 689 403 727 SILVAMQUE
448 688 586 730 PET03
631 688 899 726 VICTORQUE
942 688 1222 720 PERERRANS.
1282 682 1476 729 wictorque

130 747 201 789 per
231 741 366 778 herbas
397 739 503 777 libri.
552 740 669 778 victor
700 742 807 777 recte
839 739 1078 787 explicatum
1109 739 1159 777 ab
1184 739 1381 788 Hauptioz
1414 742 1476 779 est

132 799 190 837 ita
221 807 306 837 VIII
327 799 412 836 445
446 801 535 836 nato
553 799 702 836 victore.
752 806 800 836 IV
822 799 906 836 510
937 797 1001 836 Sic
1026 799 1172 836 victrix.
1224 798 1293 836 sed
1323 798 1476 848 reliqua

133 857 271 896 eodem
294 857 378 895 fere
405 856 571 894 artificio
598 856 780 905 explicat,
806 868 830 893 a
855 869 930 905 quo
957 856 1325 894 commentariolum
1344 868 1475 895 occoe-

132 918 259 965 perat.
290 915 411 953 latuit
427 915 665 964 corruptela.
696 915 951 963 intemperies
970 914 1117 964 ubique
1136 915 1307 954 occurrit
1322 915 1475 954 scribae

132 975 172 1011 M
204 974 462 1023 praefigentis
494 975 565 1011 aut
594 973 838 1011 infercientis
864 973 889 1011 h
913 974 1109 1012 litteram:
1142 985 1242 1023 quae
1268 974 1474 1012 barbaries

132 1045 221 1071 cum
252 1033 325 1071 hoc
356 1033 440 1070 loco
473 1044 608 1070 omnes
639 1032 763 1070 libros
794 1032 1034 1082 pewaserit,
1072 1044 1119 1070 ex
1156 1033 1372 1082 archetypo
1405 1033 1474 1071 ali-

133 1104 209 1140 quo
250 1090 394 1129 tradux
439 1092 622 1139 apparet:
667 1093 708 1128 at
745 1099 793 1128 XI
822 1091 904 1128 645
942 1091 1108 1138 populos
1151 1091 1221 1130 alii
1254 1092 1475 1140 plebemque

130 1152 349 1198 pererrant,
389 1149 495 1187 solus
528 1149 567 1185 M
599 1149 756 1197 populis
788 1149 856 1187 alii
886 1149 1062 1196 plebique
1084 1160 1160 1197 per
1189 1150 1355 1188 herbam.
1417 1150 1458 1188 in

132 1209 301 1257 telleges
323 1203 430 1256 ‘post
449 1207 702 1246 venationem
728 1207 848 1245 silvas
874 1219 1097 1257 pererrans,
1120 1204 1374 1258 pervagans'.

133 1266 389 1305 Coniecturae
421 1266 552 1314 recepi
578 1266 676 1304 duas
704 1278 727 1304 a
746 1266 794 1303 V.
815 1266 1018 1316 Madvigio
1045 1266 1281 1316 publicatas,
1307 1267 1348 1304 in
1374 1279 1472 1316 quas

133 1327 173 1363 et
215 1325 301 1375 ipse
344 1324 577 1374 incideram,
624 1325 705 1363 195
751 1326 791 1363 et
835 1325 936 1374 559,
959 1324 1029 1362 .de
1072 1325 1285 1373 posteriori
1328 1325 1472 1365 dubius

133 1385 349 1422 etiamnum
386 1385 550 1432 propter
580 1382 757 1421 Lucretii
793 1383 922 1421 locum
960 1383 1009 1420 ab
1041 1383 1219 1432 Hauptio
1256 1383 1474 1422 indicatum

132 1445 172 1480 et
193 1442 312 1481 Dura
336 1443 431 1480 cutis
463 1449 548 1480 VIII
569 1442 672 1490 8033
704 1442 876 1478 alterum
906 1444 1040 1479 tamen
1072 1444 1133 1480 est
1163 1450 1248 1480 VIII
1269 1443 1352 1480 413
1386 1444 1471 1481 415

133 1509 182 1539 IX
203 1502 256 1539 83
301 1502 471 1539 V11191
518 1501 667 1538 x184.
729 1499 833 1539 Salv.
871 1500 1026 1538 Boessii
1069 1502 1109 1538 et
1148 1500 1338 1539 Gronovii
1381 1503 1473 1540 sunt

132 1559 426 1598 emendationes
464 1559 548 1596 435
591 1560 686 1597 764.
747 1558 780 1596 E
819 1558 992 1597 fortasse
1035 1559 1182 1597 rectius
1224 1559 1266 1597 in
1307 1560 1474 1609 vulgata

132 1618 330 1667 scriptura
362 1619 568 1655 secuturus
601 1628 710 1655 eram
734 1617 788 1656 47
823 1618 864 1655 et
897 1618 963 1667 76,
994 1617 1064 1655 ubi
1095 1617 1199 1666 quod
1231 1617 1332 1668 dedi,
1362 1618 1404 1655 in
1431 1618 1472 1656 M

131 1679 193 1715 est
224 1676 415 1714 correctio
447 1676 616 1725 primae,
647 1677 764 1725 puto,
801 1687 941 1714 manus
974 1688 1021 1714 ex
1050 1677 1252 1714 recederat.
1313 1677 1472 1715 secutus

132 1747 219 1773 sum
250 1735 282 1772 E
316 1734 462 1772 solum:
496 1735 548 1772 82
583 1735 722 1784 lentus,
761 1734 833 1772 sub
865 1746 1005 1772 rasura
1037 1734 1141 1783 quod
1173 1734 1311 1772 adesse
1342 1735 1472 1774 visum

133 1794 214 1831 152
258 1794 338 1831 177
379 1792 420 1829 in
450 1792 674 1842 proecdosi,
712 1792 816 1842 quod
857 1792 981 1830 abieci
1012 1794 1176 1841 propter
1206 1806 1243 1831 v.
1265 1794 1346 1831 215
1389 1795 1469 1832 181

133 1852 215 1890 205
249 1850 433 1890 volebam
464 1853 692 1894 tremiscere,
724 1852 770 1889 ut
799 1850 840 1887 M
874 1852 955 1889 637
1003 1852 1085 1889 298
1117 1851 1289 1890 fortasse
1320 1863 1409 1890 cum
1439 1852 1472 1890 L

131 1905 190 1961 (M
222 1922 248 1948 a
279 1903 426 1961 limine)
465 1910 549 1948 304
588 1910 672 1948 305
711 1921 800 1947 cum
837 1909 989 1958 aliquot
1020 1909 1144 1948 Prisc.
1177 1911 1279 1959 308;
1316 1922 1410 1948 nam
1439 1910 1472 1947 L

130 1968 289 2007 videtur
313 1967 462 2006 habere
492 1971 668 2016 royantes
700 1968 784 2006 384
816 1968 863 2005 ut
886 1968 927 2005 M
952 1979 1027 2005 ma.
1049 1979 1122 2006 sec.
1151 1969 1234 2006 395
1267 1969 1354 2007 410
1385 1969 1471 2007 413

131 2022 304 2078 (adtraat,
333 2027 381 2064 ut
406 2026 528 2064 etiam
553 2021 613 2077 M)
645 2027 728 2065 417
762 2027 847 2064 422
880 2037 970 2064 cum
997 2025 1030 2063 L
1062 2021 1168 2078 (M‘?)
1199 2027 1284 2065 439
1319 2027 1473 2065 eleusim

130 2080 236 2135 (440
267 2086 368 2123 senis
399 2084 482 2122 Erf.
515 2079 636 2136 alter)
668 2085 752 2123 469
787 2082 930 2131 (senos)
962 2085 1068 2135 486,
1107 2085 1217 2123 cuius
1250 2085 1472 2134 scripturae

131 2143 375 2192 glossemata
424 2143 465 2180 in
519 2143 593 2180 ML
639 2143 723 2181 506
772 2145 910 2191 sceptri
958 2155 1029 2192 pro
1078 2143 1219 2193 gloss,
1268 2155 1347 2181 non
1389 2155 1471 2182 var.

130 2213 204 2240 scr.
237 2201 464 2250 adpositum
497 2202 579 2239 509
613 2213 696 2240 var.
729 2212 801 2239 scr.
834 2202 920 2239 520
974 2202 1057 2239 576
1114 2203 1196 2240 577
1247 2202 1333 2240 580
1387 2202 1469 2240 589

130 2261 230 2303 tulit,
272 2261 318 2297 ut
354 2261 469 2308 puto,
513 2261 619 2297 certe
660 2260 700 2296 M
737 2271 761 2297 a
797 2259 926 2308 prima
963 2271 1082 2297 manu
1120 2271 1241 2309 supra
1282 2260 1471 2309 scriptum

132 2319 213 2357 689
271 2318 355 2356 710
410 2318 490 2355 731
549 2318 631 2356 736
665 2329 754 2356 cum
784 2317 816 2355 L
848 2313 906 2368 (M
938 2317 1222 2367 Servoricubiq;
1257 2313 1327 2369 est)
1387 2319 1469 2358 739
