1554 2563
565 108 631 143 VII
645 136 655 151 ,
680 112 867 143 265-338
881 135 889 143 .
1048 120 1169 142 renus
1326 89 1408 148 135

183 220 362 271 Dumque
395 219 518 258 refert
548 220 651 258 inter
682 219 913 257 meritorum
945 218 1109 256 maxima
1128 248 1139 268 ‚
1170 216 1349 268 demptos

183 280 347 318 Aesonis
379 290 466 317 esse
499 279 627 330 situs,
659 284 775 328 atque
808 277 880 315 hac
912 278 950 315 in
984 282 1094 327 parte
1128 282 1326 326 moratur,

186 337 284 390 Spes
316 342 377 376 est
407 336 623 387 virginibus
654 336 761 375 Pelia
793 335 968 374 subiecta
1002 336 1169 386 creatis,

97 406 163 438 305
185 398 277 436 Arte
308 408 425 435 suum
456 395 568 446 parili
599 396 840 434 revirescere
871 406 987 445 posse
1019 399 1244 445 parentem.

184 456 343 506 Iamque
375 460 545 507 petunt,
576 455 827 505 pretiumque
859 452 998 491 iubent
1028 454 1112 490 sine
1145 453 1221 491 fine
1242 452 1402 503 pacisci.

185 514 251 553 llla
282 514 392 552 brevi
424 515 549 565 spatio
581 513 670 552 silet
702 519 742 551 et
772 511 952 551 dubitare
984 511 1162 561 videtur,

186 573 478 624 Suspenditque
511 573 661 610 animos
693 572 786 610 ficta
812 572 1000 622 gravitate
1033 575 1262 621 rogantum.

184 632 272 671 Mox
305 631 373 670 ubi
405 630 577 682 pollicita
610 637 699 683 est,
731 627 825 681 ‘quo
858 631 909 668 sit
941 628 1081 667 iiducia
1114 630 1237 666 maior

97 700 166 731 310
185 691 360 730 Muneris
391 690 509 728 huius
527 685 554 741 ,³
587 691 639 728 ait
671 686 753 740 ‘qui
786 695 934 727 vestras
967 689 1158 726 maximus
1191 698 1283 725 aevo
1317 691 1376 725 est

185 750 269 789 Dux
296 750 426 800 gregis
458 750 563 787 inter
594 760 685 787 oves
704 780 714 799 ,
746 759 870 799 agnus
902 747 1157 785 medicamine
1190 742 1294 784 fiet.'

185 808 372 848 Protinus
404 809 622 846 innumeris
655 807 794 845 effetus
825 806 974 857 laniger
1006 806 1118 844 annis

185 867 406 906 Attrahitur
437 866 537 905 ssexo
570 867 720 904 circum
752 877 842 903 cava
874 870 1050 915 tempora
1083 875 1230 902 cornu:

187 926 308 966 Cuius
340 931 384 964 ut
415 924 629 963 Haemonio
662 925 873 963 marcentia
905 928 1065 974 guttura
1097 922 1224 961 cultro

99 993 167 1025 315
187 985 330 1036 Fodit,
362 990 402 1023 et
433 985 573 1035 exiguo
606 983 812 1022 maculavit
842 983 1031 1033 sanguine
1063 981 1236 1032 ferrum,

187 1043 360 1083 Membra
393 1042 508 1081 simul
541 1042 703 1093 pecudis
734 1041 959 1092 validosque
992 1041 1164 1079 venefica
1196 1051 1312 1078 sucos

187 1103 328 1153 Mergit
358 1103 398 1140 in
431 1113 520 1140 aere
553 1113 676 1141 cavo:
708 1099 911 1150 [minuunt
942 1111 986 1138 ea
1019 1100 1196 1149 corporis
1229 1103 1361 1147 artus,

188 1161 423 1211 Cornuaque
455 1165 655 1211 exurunt,
687 1171 760 1198 nec
791 1171 869 1197 non
902 1170 992 1197 cum
1025 1156 1211 1196 cornibus
1243 1168 1390 1195 annos:

188 1219 237 1259 Et
269 1226 382 1258 tener
413 1218 570 1257 auditur
602 1217 730 1257 medio
762 1217 912 1256 balatus
944 1221 1063 1256 aeno.

101 1287 169 1319 320
188 1279 269 1318 Nec
301 1289 407 1316 mora
427 1309 438 1329 ‚
468 1276 658 1327 balatum]
693 1275 927 1315 mirantibus
959 1275 1067 1314 exilit
1098 1286 1245 1325 agnuS,

189 1337 436 1387 Lascivitque
469 1337 558 1387 fuga
578 1368 589 1387 ‚
620 1336 880 1385 lactantiaque
913 1334 1034 1373 ubera
1067 1334 1243 1384 quaerit.

191 1396 427 1446 Obstipuere
460 1401 564 1434 satae
597 1393 732 1433 Pelia:
764 1395 1034 1445 promissaque
1067 1399 1273 1443 postquam

190 1454 414 1493 Exhibuere
447 1453 563 1492 fidem
583 1485 593 1504 ,
624 1459 708 1492 tum
740 1464 832 1490 vero
864 1453 1067 1503 inpensius
1098 1452 1267 1489 instant.

191 1513 269 1552 Ter
301 1514 389 1564 iuga
420 1511 604 1550 Phoebus
636 1513 749 1563 equis
780 1512 819 1549 in
853 1510 999 1549 Hibero
1032 1509 1191 1548 flumine
1223 1509 1364 1547 mersis

104 1580 170 1612 325
192 1572 451 1623 Dempserat‚
484 1577 523 1609 et
554 1576 691 1621 quarta
724 1569 911 1608 radiantia
944 1574 1059 1607 nocte
1092 1566 1288 1605 micabant

193 1630 360 1682 Sidera,
392 1641 482 1667 cum
515 1629 649 1681 rapido
682 1627 795 1667 fallax
826 1628 979 1666 Aeetias
1012 1627 1091 1677 igni

192 1689 349 1741 Inponit
380 1700 524 1740 purum
556 1688 709 1727 laticem
742 1693 782 1725 et
812 1688 896 1725 sine
928 1685 1076 1724 viribus
1108 1683 1274 1723 herbas.

193 1748 351 1798 lamque
386 1748 473 1786 neci
505 1746 641 1785 similis
674 1745 847 1785 resoluto
880 1756 1045 1795 corpore
1078 1754 1212 1794 regem

193 1806 244 1846 Et
275 1818 365 1844 cum
398 1817 488 1857 rege
522 1817 593 1844 suo
626 1803 809 1843 custodes
842 1815 1003 1842 somnus
1034 1801 1224 1852 habehat,

106 1874 175 1905 330
196 1865 321 1912 Quem
354 1864 542 1903 dederant
574 1869 712 1902 cantus
748 1863 995 1913 magicaeque
1026 1861 1201 1912 potentia
1241 1859 1416 1910 linguae.

194 1924 391 1963 intrarant
421 1925 549 1961 iussae
582 1934 671 1961 cum
704 1920 885 1960 Colchide
919 1920 1051 1958 limina
1082 1925 1219 1970 natae,

195 1982 502 2032 Ambierantque
535 1987 665 2019 torum
686 2012 694 2019 .
734 1977 840 2031 ‘quid
883 1990 987 2017 nunc
1019 1977 1205 2016 dubitatis
1237 1974 1419 2015 inertes?

196 2037 401 2091 Stringite'
433 2042 486 2079 ait
516 2037 678 2091 egladios
696 2071 707 2090 ‚
739 2044 990 2087 veteremque
1023 2037 1175 2075 haurite
1214 2046 1419 2087 cruorem,

195 2099 247 2139 Ut
278 2099 448 2150 repleam
479 2110 619 2138 vacuas
651 2097 819 2137 iuvenali
851 2096 1040 2145 sanguine
1072 2105 1212 2133 venas.

110 2158 240 2197 335111
273 2157 452 2196 manibus
485 2159 627 2196 vestris
658 2158 734 2195 vita
767 2161 827 2193 est
858 2160 1043 2204 aetasque
1074 2155 1271 2204 parentis.

199 2216 259 2267 [Si
291 2218 415 2268 pietas
447 2216 524 2254 ulla
557 2221 617 2254 est
637 2247 647 2267 ,
680 2226 752 2253 nec
786 2225 876 2265 spes
908 2213 1061 2263 agitatis
1093 2213 1229 2250 inanes
1242 2210 1272 2263 ,]

198 2275 380 2314 Officium
410 2280 606 2326 praestate
639 2274 770 2325 patri,
801 2272 969 2322 telisque
1002 2276 1198 2309 senectam

198 2333 348 2385 Exigite
367 2365 379 2384 ,
411 2340 451 2372 et
481 2334 627 2371 saniem
661 2332 839 2370 coniecto
872 2331 1037 2368 emittite
1070 2325 1214 2367 ferro)
