1554 2563
551 113 637 148 VIII
655 141 663 157 ,
691 117 876 149 736—810
889 141 898 148 .
986 127 1225 149 Em'slcn'ruox
1320 113 1395 153 171

175 222 373 263 Vaticinor
404 224 578 262 moriens
596 255 607 276 ,
638 225 764 263 nostri
795 224 937 263 solacia
968 224 1036 264 leti
1051 221 1092 263 .'’

177 281 436 333 Persequitur
468 282 596 321 scelus
627 282 692 321 ille
725 294 870 322 suum:
902 282 1169 334 labefactaque
1202 282 1357 322 tandem

88 348 155 380 775
177 340 324 380 Ictibus
355 342 574 380 innumeris
604 340 849 392 adductaque
881 341 1040 381 funibus
1073 342 1189 381 arbor

176 399 335 439 Corruit
365 404 405 438 et
436 400 597 438 multam
628 402 840 451 prostravit
871 400 1044 452 pondere
1077 400 1234 440 silvam.

175 458 370 497 Attonitae
403 457 567 510 dryades
600 458 740 497 damno
772 471 1058 511 nemorumque
1090 471 1265 512 suoque,

175 516 322 556 Omnes
353 528 589 570 germanae,
622 516 808 556 Cererem
840 530 930 557 cum
962 517 1138 557 vestibus
1170 519 1265 557 atris

174 575 394 614 Maerentes
426 576 571 615 adeunt
601 588 845 628 poenamque
876 576 1175 628 Erysichthonis
1206 582 1340 615 orant.

89 642 155 674 780
175 635 322 673 Annuit
353 633 414 673 his
433 667 444 687 ,
477 636 694 686 capitisque
727 637 788 674 sui
821 635 1083 687 pulcherrima
1116 641 1224 674 motu

176 692 385 732 Concussit
416 693 585 745 gravidis
618 699 802 733 oneratos
835 694 1031 733 messibus
1063 706 1201 746 agros:

174 751 411 802 Moliturque
442 764 568 804 genus
599 764 748 804 poenae
780 752 1002 792 miserabile
1021 785 1032 806 ‚
1064 754 1098 792 si
1128 764 1207 791 non

174 810 242 849 Ille
273 811 356 849 suis
388 816 494 851 esset
524 810 621 850 nulli
652 811 886 850 miserabilis
918 813 1037 865 actis,

174 868 367 908 Pestifera
398 869 570 908 lacerare
603 869 748 909 Fame.
787 882 885 921 quae
918 871 1101 921 quatinus
1132 871 1208 921 ipsi

89 935 155 968 785
175 927 263 966 Non
296 927 472 967 adeunda
504 928 599 967 deae
631 934 692 967 est
723 950 779 956 —
811 940 940 980 neque
972 931 1076 968 enim
1109 928 1372 979 Cereremque

1166 987 1401 1039 Famemque

176 1045 268 1085 Fata
300 1048 406 1086 coire
439 1047 574 1085 sinunt
605 1068 660 1074 —
693 1047 867 1085 montani
898 1047 1070 1085 numinis
1102 1057 1221 1085 uuam

176 1104 335 1145 Talibus
368 1110 562 1156 agrestem
594 1104 801 1155 compellat
826 1104 967 1143 oreada
998 1104 1137 1144 dictis:

177 1160 280 1203 “Est
310 1164 420 1203 locus
452 1165 640 1202 extremis
674 1163 855 1214 Scythiae
887 1163 1058 1214 glacialis
1090 1164 1130 1201 in
1162 1164 1273 1216 oris,

178 1222 308 1261 Triste
330 1222 456 1261 solum
475 1254 486 1274 ‚
518 1222 662 1261 sterilis
680 1253 691 1274 ‚
724 1223 808 1261 sine
829 1222 941 1273 fruge
960 1253 971 1274 ,
998 1223 1081 1260 sine
1103 1221 1243 1261 arbore
1264 1221 1403 1274 tellus;

89 1288 155 1320 790
177 1281 316 1332 Frigus
348 1282 454 1320 iners
486 1280 564 1320 illic
594 1280 771 1320 habitant
800 1280 1007 1332 Pallorque
1039 1280 1284 1331 Tremorque

175 1339 225 1378 Et
256 1341 386 1380 ieiuna
418 1339 583 1378 Fames.
622 1352 667 1379 ea
698 1351 740 1379 se
771 1340 812 1378 in
843 1338 1072 1391 praecordia
1103 1339 1245 1378 condat

177 1398 365 1450 Sacrilegi
397 1398 585 1437 scelerata
604 1430 615 1450 ‚
647 1398 767 1438 iube:
799 1410 872 1437 nec
905 1399 1016 1450 copia
1047 1410 1182 1437 rerum

176 1456 314 1496 Vincat
344 1469 430 1496 eam
449 1489 460 1510 ,
492 1462 730 1508 superetque
763 1468 868 1495 meas
901 1457 1115 1495 certamine
1146 1458 1272 1495 vires.

176 1515 280 1555 Neve
313 1516 395 1554 viae
427 1517 596 1567 spatium
628 1521 666 1554 te
700 1520 874 1567 terreat,
906 1516 1038 1566 accipe
1071 1526 1238 1567 currus,

91 1581 157 1614 '795
178 1574 321 1626 Accipe
341 1606 352 1626 ,
383 1586 482 1626 quos
514 1574 636 1613 frenis
669 1573 744 1612 alte
777 1572 1012 1625 moderere,
1044 1569 1268 1612 dracones''

177 1632 228 1672 Et
258 1632 394 1672 dedit.
433 1632 495 1671 illa
527 1632 616 1671 dato
649 1631 834 1671 subvecta
864 1644 935 1683 per
967 1635 1056 1670 aera
1088 1644 1210 1671 curru

176 1691 340 1730 Devenit
369 1692 410 1730 in
443 1691 668 1743 Scythiam,
699 1690 893 1742 rigidique
925 1692 1128 1730 cacumine
1160 1692 1327 1743 montis,

178 1749 379 1789 Caucason
410 1750 633 1802 appellant,
665 1755 894 1801 serpentum
925 1749 1023 1788 colla
1053 1749 1216 1789 levavit:

178 1808 481 1860 Quaesitamque
513 1808 671 1847 Famem
702 1807 876 1860 lapidoso
909 1807 1005 1847 vidit
1035 1809 1076 1847 in
1107 1820 1200 1859 agro

90 1874 158 1907 800
178 1867 384 1919 Unguibus
415 1873 455 1907 et
485 1879 594 1906 raras
625 1866 832 1906 vellentem
865 1866 1048 1905 dentibus
1080 1866 1245 1905 herbas.

178 1925 315 1965 Hirtus
347 1932 432 1965 erat
462 1927 583 1965 crinis
602 1957 613 1978 ‚
645 1937 735 1965 cava
767 1925 944 1977 lumina,
974 1924 1098 1976 pallor
1130 1927 1169 1964 in
1202 1937 1296 1976 ore,

178 1983 302 2023 Labra
333 1986 472 2024 incana
503 1986 580 2024 situ
599 2016 611 2038 ‚
643 1984 802 2023 scabrae
835 1983 1016 2035 rubigine
1048 1983 1204 2035 fauces,

179 2043 283 2082 Dura
315 2045 417 2082 cutis
436 2075 447 2095 ,
478 2055 549 2095 per
581 2055 698 2094 quam
730 2044 899 2094 spectari
931 2044 1081 2080 viscera
1111 2048 1295 2093 possent:

179 2101 276 2141 Ossa
308 2101 381 2141 sub
413 2103 587 2141 incurvis
618 2101 802 2141 extabant
834 2101 940 2140 arida
971 2100 1139 2153 lumbis,

91 2167 159 2199 805
180 2159 337 2200 Ventris
369 2166 453 2199 erat
488 2173 560 2212 pro
600 2165 736 2199 ventre
774 2160 913 2212 loeus3
945 2171 1197 2211 genuumque
1231 2159 1403 2199 tumebat

91 2226 158 2258 808
180 2218 296 2258 Orbis
315 2250 326 2271 ‚
358 2224 398 2258 et
429 2219 626 2258 inmodico
658 2218 867 2270 prodibant
898 2217 1037 2257 tubere
1069 2217 1159 2258 tali.

179 2276 286 2316 Hanc
305 2277 444 2329 procul
463 2283 508 2316 ut
526 2277 643 2328 vidit,
664 2298 718 2304 -—
739 2289 867 2327 neque
887 2278 992 2315 enim
1012 2281 1073 2315 est
1092 2277 1278 2316 accedere
1298 2278 1403 2316 iuxta

178 2336 282 2375 Ausa
319 2357 368 2364 -—
401 2337 525 2376 refert
555 2335 733 2374 mandata
766 2335 890 2376 deae:
920 2335 1159 2388 paulumque
1191 2342 1363 2387 morata,
