1554 2563
544 124 618 169 IV,
645 124 794 160 796—V
809 152 818 169 ,
844 128 886 159 61
905 151 913 159 .
1052 137 1200 159 exeussus
1341 123 1395 165 89

177 234 234 274 Ex
265 235 341 275 illis
373 235 545 287 scopulis
564 266 576 287 ,
606 233 673 274 ubi
705 241 818 274 erant
848 235 958 273 affixa
977 266 989 286 ‚
1019 236 1209 286 petisses,

175 293 288 333 Nunc
321 295 404 333 sine
424 325 436 346 ,
467 295 535 345 qui
565 294 708 345 petiit,
738 304 809 344 per
837 305 953 344 quem
985 293 1080 332 haec
1112 305 1190 331 non
1222 292 1316 331 orba

1192 356 1398 403 senectus,

177 410 297 450 Ferre
330 410 434 462 quod
465 415 506 450 et
536 407 687 450 meritis
725 416 764 450 et
800 422 894 448 voce
933 415 994 449 est
1029 415 1198 462 pactus;
1229 420 1397 460 eumque

177 469 265 509 Non
296 468 368 509 tibi
386 501 398 523 ‚
429 468 497 508 sed
530 474 660 508 certae
691 468 908 521 praelatum
939 468 1121 520 intellege
1153 469 1271 506 morti
1286 464 1310 506 .'

115 535 160 568 30
179 527 247 567 Ille
279 527 375 567 nihil
406 533 571 568 contra:
602 526 671 567 sed
703 533 743 567 et
772 527 878 566 hunc
909 532 948 566 et
979 526 1123 566 Persea
1153 526 1262 566 vultu

176 586 336 626 Alterno
370 592 551 638 spectans
570 618 582 639 ,
605 592 713 638 petat
736 586 842 625 hunc
859 617 871 639 ‚
902 587 1085 638 ignorat,
1117 597 1164 624 an
1196 585 1328 624 illum:

178 644 470 697 Cunctatusque
502 644 612 684 brevi
643 650 862 684 contortam
892 643 1042 684 viribus
1073 643 1246 696 hastam,

177 703 349 750 Quantas
374 705 432 743 ira
464 702 607 757 dabat,
638 705 877 755 nequiquam
908 704 948 742 in
979 702 1123 742 Persea
1153 704 1281 741 misit.

177 762 228 802 Ut
259 764 369 802 stetit
398 762 463 801 illa
494 768 580 802 toro
599 794 611 815 ‚
642 763 775 802 stratis
807 768 891 801 tum
923 761 1092 812 denique
1124 760 1293 802 Perseus

118 828 163 861 35
182 821 358 874 Eximit,
389 821 546 873 teloque
578 821 687 860 ferox
718 822 875 860 inimica
906 822 1071 859 remisso

177 880 343 919 Pectora
374 881 577 932 rupisset,
608 881 684 919 nisi
715 886 805 931 post
835 878 968 918 altaria
1000 878 1172 918 Phineus

178 938 306 979 Isset:
338 944 406 991 et,
436 936 669 990 indignum!
701 938 890 977 scelerato
923 937 1071 989 profuit
1101 949 1189 976 ara.

179 997 324 1037 Fronte
356 1002 486 1036 tamen
518 996 660 1036 Rhoeti
691 1009 769 1036 non
801 997 913 1036 irrita
944 997 1076 1047 cuspis
1108 995 1304 1034 adhaesit.

181 1056 256 1103 Qui
275 1061 484 1108 postquam
504 1055 646 1095 cecidit
665 1055 893 1106 ferrumque
914 1067 962 1093 ex
981 1066 1069 1093 osse
1099 1054 1298 1093 revulsum
1319 1059 1403 1106 est,

115 1122 161 1155 40
181 1114 366 1154 Calcitrat
396 1119 436 1154 et
466 1116 613 1166 positas
645 1115 816 1166 aspergit
847 1114 1037 1164 sanguine
1067 1124 1244 1152 mensas.

180 1173 282 1213 Tum
313 1184 405 1212 vero
437 1172 645 1226 indomitas
677 1172 847 1211 ardescit
877 1171 1016 1223 vulgus
1047 1172 1087 1210 in
1118 1172 1220 1223 iras,

180 1231 353 1284 Telaque
385 1232 615 1284 coniciunt,
646 1237 686 1270 ct
716 1238 809 1270 sunt
841 1231 908 1282 qui
940 1229 1094 1281 Cephea
1126 1229 1262 1268 dicunt

182 1290 280 1330 Cum
311 1302 456 1342 genero
488 1289 632 1329 debere
665 1291 792 1329 mori.
832 1288 900 1328 sed
931 1288 1066 1328 limine
1097 1290 1192 1327 tecti

182 1348 341 1388 Exierat
373 1348 583 1401 Cepheus,
615 1354 781 1387 testatus
812 1349 953 1399 iusque
985 1346 1180 1398 fidemque

118 1415 161 1447 45
183 1407 428 1459 Hospitiique
461 1407 585 1459 deos,
617 1418 662 1446 ea
692 1419 734 1446 se
766 1405 1000 1458 prohibente
1032 1407 1204 1445 moveri.

183 1465 326 1505 Bellica
356 1465 480 1504 Pallas
512 1465 623 1504 adest
653 1470 693 1504 et
722 1466 895 1516 protegit
927 1463 1061 1515 aegide
1094 1464 1278 1511 fratrem,

183 1524 332 1576 Datque
353 1525 501 1563 animos
521 1554 531 1563 .
563 1529 647 1562 erat
665 1523 784 1562 Indus
805 1523 914 1562 Athis
927 1554 938 1575 ,
958 1534 1075 1573 quem
1094 1521 1254 1561 flumine
1275 1520 1404 1573 Gange

183 1582 298 1622 Edita
329 1581 514 1621 Clematie
546 1583 681 1621 vitreis
712 1582 913 1634 peperisse
945 1579 1018 1620 sub
1049 1580 1165 1619 undis

186 1640 399 1694 Creditur,
431 1641 612 1692 egregius
644 1641 767 1680 forma
786 1671 797 1692 ‚
829 1650 944 1690 quam
977 1638 1094 1678 divite
1127 1638 1235 1677 cultu

121 1707 164 1739 50
184 1699 388 1753 Augebat,
419 1698 479 1739 bis
512 1699 638 1738 adhuc
669 1699 820 1738 octonis
853 1699 1006 1749 integer
1037 1698 1172 1749 annis,

184 1758 350 1798 Indutus
383 1757 623 1810 chlamydem
654 1757 840 1809 Tyriam,
866 1768 982 1807 quam
1012 1755 1156 1795 limbus
1188 1754 1319 1793 obibat

185 1818 369 1869 Aureus3
401 1815 593 1856 ornabant
623 1820 757 1855 aurata
787 1814 944 1854 monilia
976 1813 1119 1853 collum

185 1875 236 1915 Et
264 1875 438 1914 madidos
470 1886 604 1914 murra
635 1886 799 1914 curvum
831 1872 976 1912 crinale
1008 1872 1189 1924 capillos.

186 1934 254 1974 Ille
286 1934 445 1986 quidem
475 1933 601 1973 iaculo
634 1934 808 1985 quamvis
840 1931 1022 1971 distantia
1054 1933 1172 1969 misso

125 2001 167 2032 55
188 1992 326 2044 Figere
358 1992 497 2032 doctus
529 1997 642 2045 erat,
668 1991 736 2030 sed
768 1990 930 2030 tendere
962 1989 1114 2028 doctior
1146 2000 1284 2028 arcus.

187 2051 288 2090 Tum
320 2063 475 2103 quoque
507 2050 611 2090 lenta
642 2062 759 2089 manu
796 2048 1020 2088 flectentem
1057 2059 1204 2087 cornua
1241 2047 1409 2086 Perseus

190 2109 362 2162 Stipite,
395 2110 462 2161 qui
493 2109 619 2148 media
650 2109 802 2160 positus
834 2106 1006 2146 fumabat
1037 2107 1077 2145 in
1110 2117 1198 2157 ara,

189 2167 364 2207 Perculit
395 2173 435 2207 et
466 2167 600 2207 fractis
633 2166 811 2206 confudit
841 2167 882 2205 in
914 2164 1068 2204 ossibus
1101 2176 1192 2202 ora.

189 2225 303 2266 Hunc
334 2225 403 2266 ubi
433 2226 609 2265 laudatos
641 2227 850 2264 iactantem
881 2225 921 2263 in
954 2224 1142 2275 sanguine
1174 2221 1304 2262 vultus

127 2293 170 2323 60
190 2284 373 2336 Assyrius
404 2284 500 2324 vidit
530 2283 702 2336 Lycabas
721 2315 732 2336 ,
763 2283 1034 2322 iunctissimus
1067 2281 1122 2320 illi

189 2342 240 2382 Et
270 2354 402 2383 comes
432 2349 473 2383 et
502 2344 585 2382 veri
616 2354 694 2382 non
727 2340 990 2381 dissimulator
1022 2341 1188 2393 amoris,
