1554 2563
606 118 655 154 VI
668 145 678 164 ,
706 123 889 154 114—1156
905 146 913 154 .
1075 131 1178 154 ⁸103ss
1340 119 1417 158 lll

202 229 350 269 Cedere
382 229 584 269 caelitibus
603 261 614 282 ,
646 228 855 280 verbisque
886 228 1104 269 minorihus
1137 230 1216 269 uti.

201 288 320 328 Multa
351 288 493 328 dabant
523 289 701 328 animos.
739 287 808 327 sed
840 289 944 327 enim
976 300 1049 327 nec
1081 288 1257 339 coniugis
1290 293 1393 326 artes

200 347 280 386 Nec
312 359 436 399 genus
467 346 671 386 amborum
703 348 910 398 magnique
942 348 1115 398 potentia
1147 347 1258 398 regni

203 405 267 445 Sic
298 405 480 458 placuere
512 405 566 444 illi
585 437 595 457 ,
627 407 803 457 quamvis
834 417 879 444 ea
911 411 1052 445 cuncta
1082 405 1305 457 placerent,

115 471 180 503 155
200 463 251 503 Ut
282 477 352 504 sua
382 466 590 516 progenies
610 495 619 504 .
657 471 697 504 et
728 463 951 503 felicissima
984 470 1152 503 matrum

202 522 311 563 Dicta
342 523 444 562 foret
475 523 597 562 Niobe
617 554 628 576 ,
659 524 693 563 si
724 535 802 562 non
835 522 910 562 sibi
943 524 1021 562 visa
1055 523 1216 562 suisset.

200 581 297 621 Nam
329 588 410 621 sata
441 582 592 621 Tiresia
624 583 779 621 venturi
810 583 985 634 praescia
1016 581 1146 621 Manto

200 641 277 680 Per
308 641 454 680 medias
488 641 614 680 suerat
632 672 643 693 ,
675 641 804 680 divino
837 641 988 680 concita
1020 647 1153 692 motu,

201 698 414 739 Vaticinata
446 701 525 738 vias
545 731 555 749 ,
588 696 819 739 ‘Ismenides
837 731 848 752 ‚
881 701 933 738 ite
967 700 1194 750 frequentes

116 765 181 797 160
201 758 251 797 Et
282 758 369 797 date
401 757 570 797 Latonae
604 757 931 809 Latonigenisque
965 758 1118 797 duobus

202 817 300 856 Cum
332 829 449 868 prece
482 822 570 856 tura
601 819 663 869 pia
683 849 694 869 ,
725 817 914 868 lauroque
947 818 1135 856 innectite
1169 817 1341 855 crinem:

202 875 279 915 Ore
312 888 398 914 meo
432 875 578 915 Latona
608 875 718 915 iubet
737 872 762 915 .'
800 881 991 929 paretur,
1024 881 1064 915 et
1095 887 1230 914 omnes

201 934 420 973 Thebaides
452 935 569 973 iussis
601 946 671 974 sua
705 940 880 986 tempora
911 933 1118 973 frondibus
1149 939 1313 986 ornant,

201 994 385 1044 Turaque
418 993 511 1032 dant
541 995 686 1032 sanctis
719 999 758 1032 et
789 992 906 1032 verba
936 995 1140 1044 precantia
1170 992 1356 1031 flammis.

117 1059 180 1090 165
202 1052 304 1091 Ecce
335 1053 442 1091 venit
474 1053 660 1091 comitum
691 1051 814 1090 Niobe
848 1051 1101 1090 celeberrima
1134 1049 1272 1103 turba,

203 1110 384 1150 Vestibus
415 1112 564 1149 intexto
596 1110 776 1162 Phrygiis
808 1110 1032 1162 spectabilis
1064 1121 1159 1149 auro

203 1169 281 1222 Et,
313 1174 503 1221 quantum
534 1170 592 1208 ira
624 1170 746 1221 sinit,
778 1169 948 1208 formosa
980 1180 1220 1219 movensque
1253 1167 1396 1207 decoro

204 1228 300 1268 Cum
333 1230 459 1280 capite
490 1229 674 1267 inmissos
706 1240 886 1267 umerum
917 1239 989 1279 per
1008 1233 1221 1278 utrumque
1248 1225 1423 1277 capillos.

203 1286 416 1326 Constitit:
454 1292 575 1338 utque
608 1286 741 1326 oculos
774 1285 1016 1326 circumtulit
1047 1286 1121 1325 alta
1153 1284 1368 1337 superbos,

118 1354 183 1385 1‘10
204 1343 316 1391 ‘Quis
348 1346 459 1384 furor
477 1377 488 1397 ,
521 1342 689 1384 auditos'
720 1346 849 1396 inquit
881 1342 1138 1397 ‘praeponere
1171 1345 1263 1383 visis

204 1403 402 1443 Caelestes
421 1401 443 1443 ⁴?
475 1410 541 1443 aut
572 1415 644 1443 cur
676 1403 818 1443 colitur
849 1402 995 1443 Latona
1026 1416 1098 1455 per
1131 1415 1240 1454 aras,

203 1462 356 1502 Numen
389 1462 516 1501 adhuc
547 1463 631 1501 sine
664 1468 751 1501 ture
784 1473 915 1501 meum
948 1460 1048 1501 est?
1079 1461 1175 1500 mihi
1205 1460 1391 1500 Tantalus

1269 1525 1426 1571 auctor,

205 1580 276 1620 Cui
307 1580 418 1620 licuit
450 1580 522 1619 soli
554 1592 790 1632 superorum
822 1585 981 1630 tangere
1014 1591 1191 1619 mensas.

204 1639 403 1678 Pleiadum
436 1650 549 1678 soror
582 1645 642 1678 est
672 1639 850 1690 genetrix
882 1650 968 1677 mea
988 1668 997 1677 .
1034 1639 1226 1677 maximus
1258 1636 1363 1677 Atlas

119 1705 183 1737 175
204 1698 276 1737 Est
307 1710 400 1737 avus
418 1729 429 1750 ,
461 1697 679 1736 aetherium
711 1698 778 1748 qui
811 1697 888 1736 fert
918 1695 1137 1736 cervicibus
1170 1708 1304 1735 axem:

204 1757 380 1808 luppiter
412 1755 510 1795 alter
542 1768 663 1795 avus.
702 1767 840 1795 socero
873 1767 1029 1807 quoque
1061 1754 1208 1806 glorior
1239 1754 1327 1793 illo.

204 1815 264 1854 Me
296 1820 433 1866 gentes
465 1820 646 1854 metuunt
677 1814 896 1866 Phrygiae,
928 1826 990 1854 me
1021 1815 1128 1865 regia
1160 1812 1293 1852 Cadmi

205 1872 287 1913 Sub
319 1874 474 1913 domina
506 1879 594 1926 est,
626 1872 847 1923 fidibusque
879 1873 956 1912 mei
989 1873 1195 1911 commissa
1228 1872 1358 1911 mariti

205 1932 354 1971 Moenia
388 1943 478 1971 cum
511 1931 666 1983 populis
698 1943 719 1970 a
751 1942 892 1982 meque
923 1931 1086 1981 viroque
1118 1935 1334 1981 reguntur.

119 1999 184 2031 180
206 1990 246 2030 [11
281 2002 568 2042 quamcumque
601 1990 740 2029 domus
773 1989 921 2028 adverti
952 1988 1099 2028 lumina
1130 1993 1305 2040 partem,

205 2048 383 2088 inmensa
439 2055 666 2101 spectantur
698 2060 820 2100 opes.
860 2047 1011 2087 accedit
1041 2047 1178 2086 eodem

206 2107 326 2159 Digna
360 2107 429 2146 dea
462 2108 610 2147 facies.
648 2107 726 2146 huc
759 2112 867 2145 natas
900 2106 1007 2144 adice
1040 2111 1192 2157 septem

204 2166 255 2205 Et
286 2166 447 2206 totidem
479 2167 640 2205 iuvenes
659 2197 670 2218 ‚
702 2171 741 2204 et
772 2177 861 2204 mox
893 2175 1139 2215 generosque
1171 2174 1397 2214 nurusque.

205 2224 389 2270 Quaerite
421 2236 527 2264 nunc
546 2255 557 2277 ,
588 2224 729 2263 habeat
754 2235 869 2274 quam
890 2228 1024 2261 nostra
1045 2221 1229 2274 superbia
1249 2233 1427 2274 causam,

122 2291 183 2322 185
205 2282 345 2322 Nescio
378 2295 534 2334 quoque
567 2283 706 2322 audete
739 2288 861 2321 satam
893 2280 1071 2320 Titanida
1103 2280 1206 2319 Coeo

205 2340 390 2380 Latonam
421 2342 622 2393 praeferre
655 2340 749 2380 mihi
768 2371 779 2393 ,
811 2341 875 2379 cui
906 2341 1071 2378 maxima
1103 2339 1298 2391 quondam
