1554 2563
577 115 650 159 XI,
676 118 861 150 494—566
877 143 885 151 .
1052 128 1142 151 cxxx
1313 115 1396 156 231

174 226 254 266 Nec
285 227 396 278 prius
429 225 583 265 absistit
613 225 756 264 fessam
787 224 1014 277 obpugnare
1048 227 1242 278 carinam,

174 285 298 330 Quam
330 284 436 324 velut
466 286 506 323 in
539 290 673 336 captae
706 284 918 323 descendat
948 287 1101 324 moenia
1133 285 1264 323 navis.

175 343 288 394 [Pars
320 345 440 395 igitur
474 342 687 395 temptabat
718 342 844 382 adhuc
876 343 1060 382 invadere
1090 344 1227 395 pinum
1240 341 1269 396 ,]

173 403 269 441 Pars
295 404 412 441 maris
438 403 545 441 intus
571 406 682 441 erat.
720 401 919 453 trepidant
949 402 1053 441 haud
1080 403 1209 441 secius
1241 412 1401 453 omneS,

85 468 153 500 535
175 461 299 506 Quam
331 460 431 499 solet
461 460 587 513 urbs,
619 460 703 499 aliis
735 472 893 500 murum
926 460 1164 500 fodientibus
1197 466 1307 500 extra

174 520 300 570 Atque
333 519 417 558 aliis
450 531 636 571 murum,
670 519 865 571 trepidare
885 551 896 572 ,
928 519 1156 559 tenentibus
1188 521 1317 558 intus.

173 578 312 617 Deficit
344 590 436 630 ars,
468 579 664 629 animique
698 578 872 618 cadunt:
904 578 1145 629 totidemque
1177 578 1384 629 videntur,

176 636 281 683 Quot
311 637 468 675 veniant
494 636 662 688 fluctus,
694 649 811 676 ruere
839 643 955 688 atque
981 639 1203 689 irrumpere
1230 641 1400 675 mortes.

173 695 259 734 Non
285 700 395 734 tenet
419 695 483 734 hic
509 695 712 748 lacrimas;
745 701 879 747 stupet
904 695 991 748 hic3
1016 701 1129 735 vocat
1152 695 1217 734 ille
1242 695 1402 746 beatos,

84 761 153 793 540
174 754 328 793 Funera
360 766 459 805 quos
491 759 702 806 maneant3
734 753 796 793 hic
830 755 928 793 votis
959 766 1107 793 numen
1138 754 1296 806 adorat,

174 812 438 863 Bracchiaque
460 812 507 852 ad
533 812 706 864 caelum,
734 812 837 863 quod
864 825 942 851 non
968 813 1096 865 videt,
1122 814 1234 851 irrita
1260 811 1401 852 tollens

174 871 305 910 Poscit
337 883 482 922 opem:
514 870 687 911 subeunt
718 871 774 910 illi
805 872 1026 923 fratresque
1058 883 1305 923 parensque,

174 929 273 969 Huic
312 942 401 969 cum
440 929 671 981 pignoribus
709 929 877 982 domus,
915 936 955 969 et
992 930 1096 981 quod
1135 931 1278 981 cuique

1104 988 1286 1028 relictum
1318 993 1401 1027 est.

174 1047 344 1098 Alcyone
378 1047 502 1099 Ceyca
534 1054 691 1099 movet3
724 1046 861 1099 Ceycis
892 1049 932 1086 in
964 1060 1032 1086 ore

85 1114 153 1145 545
176 1106 289 1145 Nulla
321 1107 397 1145 nisi
428 1105 597 1157 Alcyone
631 1111 719 1145 est:
752 1111 792 1145 et
823 1117 913 1145 cum
944 1105 1142 1145 desideret
1172 1117 1314 1158 unam,

174 1164 324 1204 Gaudet
355 1164 490 1204 abesse
523 1170 681 1204 tamen.
720 1165 869 1216 patriae
900 1176 1057 1216 quoque
1088 1164 1203 1203 vellet
1234 1164 1281 1203 ad
1314 1175 1401 1202 oras

175 1223 386 1274 Respicere
405 1255 417 1276 ,
448 1224 566 1274 inque
600 1223 759 1262 domum
791 1235 997 1274 supremos
1028 1229 1183 1262 vertere
1215 1222 1369 1262 vultus:

174 1281 319 1321 Verum
351 1280 419 1321 ubi
451 1283 530 1334 sit,
562 1283 718 1334 nescit3
749 1287 855 1321 tanta
886 1283 1077 1333 vertigine
1108 1287 1254 1333 pontus

176 1340 346 1392 Fervet,
380 1345 420 1379 et
450 1339 610 1379 inducta
640 1341 762 1392 piceis
795 1352 816 1379 e
848 1339 1019 1379 nubibus
1051 1339 1190 1379 umbra

87 1407 153 1438 550
175 1398 299 1438 Omne
332 1398 427 1438 latet
458 1399 638 1451 caelum,
670 1398 945 1450 duplicataque
976 1400 1103 1437 noctis
1135 1400 1261 1449 ima-go
1295 1403 1377 1437 est.

173 1457 384 1508 Frangitur
415 1459 579 1496 incursu
612 1456 780 1496 nimbosi
811 1456 980 1496 turbinis
1013 1457 1152 1509 arbor3

174 1516 384 1567 Frangitur
416 1521 456 1554 et
486 1517 692 1566 regimen:
724 1515 938 1566 spoliisque
971 1517 1143 1554 animosa
1176 1520 1377 1566 superstes

175 1574 286 1613 Unda
304 1606 315 1626 ,
348 1574 454 1613 velut
485 1574 624 1612 victrix
643 1605 655 1626 ‚
688 1575 918 1624 sinuataque
951 1573 1117 1625 despicit
1148 1573 1296 1613 undas:

174 1633 255 1672 Nec
288 1633 412 1672 levius
431 1664 442 1685 ,
475 1644 591 1683 quam
624 1633 748 1683 siquis
780 1631 909 1671 Athon
940 1631 1155 1671 Pindumve
1188 1631 1364 1671 revulsos

87 1699 155 1730 555
178 1691 278 1732 Sede
310 1703 380 1730 sua
413 1697 516 1730 totos
548 1692 587 1729 in
620 1695 800 1742 apertum
831 1692 1018 1730 everterit
1048 1703 1226 1744 aequor,

177 1750 437 1801 Praecipitata
469 1749 571 1788 cadit
589 1781 600 1802 ‚
632 1750 857 1800 pariterque
890 1755 929 1788 et
959 1749 1133 1800 pondere
1166 1755 1205 1789 et
1235 1751 1317 1789 ictu

175 1809 316 1860 Mergit
346 1810 387 1847 in
419 1809 496 1847 ima
524 1813 648 1847 ratem
666 1840 677 1860 ‚
710 1819 799 1846 cum
831 1819 907 1858 qua
937 1820 1028 1859 pars
1059 1820 1198 1859 magna
1228 1810 1400 1847 virorum

176 1867 338 1918 Gurgite
370 1879 506 1918 pressa
537 1868 644 1918 gravi
677 1878 804 1916 neque
836 1867 876 1904 in
908 1870 997 1905 aera
1028 1866 1180 1905 reddita
1212 1867 1289 1906 fato

175 1925 326 1965 Functa
357 1937 428 1965 suo
461 1932 549 1965 est.
589 1925 652 1964 alii
682 1930 815 1976 partes
848 1930 887 1963 et
917 1924 1092 1964 membra
1124 1926 1278 1964 carinae

88 1993 157 2023 560
177 1983 334 2023 Trunca
359 1989 517 2023 tenent.
552 1989 659 2023 tenet
683 1985 766 2035 ipse
794 1994 935 2035 manu,
961 1995 1037 2034 qua
1056 1989 1211 2035 sceptra
1230 1983 1400 2036 solebat,

175 2042 383 2094 Fragmina
413 2043 556 2094 navigii
588 2042 691 2093 Ceyx
710 2073 721 2094 ,
753 2053 1013 2092 socerumque
1044 2048 1274 2093 patremque

176 2100 335 2140 Invocat
364 2100 472 2140 heu!
504 2101 681 2140 frustra.
720 2099 788 2139 sed
820 2099 988 2151 plurima
1018 2101 1148 2139 nantis
1179 2101 1218 2139 in
1252 2112 1319 2140 ore

177 2159 346 2211 Alcyone
377 2160 548 2199 coniunx
567 2190 576 2198 .
614 2158 718 2198 illam
750 2160 1005 2209 meminitque
1036 2159 1261 2209 refertque:

177 2217 285 2256 lllius
317 2223 406 2257 ante
438 2217 572 2257 oculos
605 2223 649 2256 ut
680 2223 794 2268 agant
825 2229 894 2256 sua
927 2229 1090 2268 corpora
1123 2216 1290 2270 fluctus,

90 2284 158 2315 565
179 2276 326 2329 Optat,
357 2282 397 2316 et
428 2277 615 2315 exanimis
648 2274 827 2314 manibus
859 2275 1077 2314 tumuletur
1108 2277 1265 2315 amicis.

176 2333 277 2374 Dum
302 2340 438 2385 natat,
469 2334 671 2374 absentem
690 2365 701 2384 ,
733 2335 914 2385 quotiens
938 2335 1031 2374 sinit
1056 2333 1209 2374 hiscere
1234 2334 1399 2375 fluctus.
