1554 2563
584 105 652 140 VII
667 132 679 150 ,
705 109 890 142 πει-853
907 135 913 141 .
1057 120 1199 143 raocms
1346 107 1427 149 149

206 214 415 254 Blanditias
446 215 580 267 plures
613 221 653 255 et
684 211 758 255 “tu
792 215 885 255 mihi
917 229 1054 268 magna
1086 216 1262 269 voluptas
1274 214 1300 270 ‚⁹

206 273 344 313 Dicere
376 275 449 313 sim
482 273 620 313 solitus
653 274 710 314 ‘tu
742 287 803 313 me
836 275 1044 327 reficisque
1077 276 1287 327 fovesque:

205 332 264 372 Tu
297 332 392 372 sacis
410 364 421 384 ‚
454 338 498 371 ut
529 332 643 372 silvas
661 364 673 386 ‚
705 338 750 372 ut
780 344 906 372 amem
937 333 1021 373 loca
1047 334 1158 387 sola3
1189 347 1355 386 meoque

117 398 184 430 820
206 391 376 443 Spiritus
408 393 482 430 iste
515 397 605 431 tuus
637 403 793 443 semper
826 397 1004 444 captatur
1036 392 1082 432 ab
1115 405 1183 433 ore
1197 390 1238 433 .’'

205 449 374 489 Vocibus
406 449 597 501 ambiguis
629 449 831 502 deceptam
862 450 1044 503 praebuit
1075 463 1209 491 aurem

204 508 344 548 Nescio
377 510 494 562 quis,
526 520 747 561 nomenque
780 521 897 548 aurae
931 515 1010 549 tam
1042 522 1157 563 saepe
1189 517 1369 550 vocatum

203 567 300 606 Esse
331 572 474 619 putans
505 567 727 620 nymphae,
759 568 968 620 nympham
1001 569 1096 608 mihi
1128 570 1254 609 credit
1284 571 1427 611 amari.

205 626 388 666 Criminis
420 626 614 678 extemplo
646 627 727 667 ficti
759 629 992 667 temerarius
1023 627 1140 667 index

116 691 182 722 825
203 685 368 724 Procrin
400 684 508 736 adit,
539 684 750 737 linguaque
782 686 908 726 refert
938 686 1068 725 audita
1100 699 1285 726 susurra.

204 743 370 783 Credula
402 755 467 782 res
500 755 608 782 amor
639 750 727 784 est.
766 744 896 784 subito
929 744 1112 797 conlapsa
1143 745 1302 798 dolore,

205 802 254 842 Ut
285 802 359 841 sibi
391 808 573 842 narratur
592 835 603 855 ,
635 803 805 843 cecidit:
835 803 1031 855 longoque
1062 805 1211 844 refecta

203 861 397 913 Tempore
430 873 472 900 se
504 862 716 915 miseram,
748 874 790 902 se
823 863 890 902 fati
922 862 1019 902 dixit
1048 864 1197 916 iniqui3

204 920 338 972 Deque
371 919 447 958 fide
480 925 618 971 questa
650 926 711 960 est
740 926 781 960 et
811 922 975 961 crimine
1008 923 1161 961 concita
1192 934 1289 961 vano

117 987 184 1018 830
205 979 317 1025 Quod
349 978 446 1018 nihil
477 984 567 1031 est,
598 980 767 1032 metuit,
798 981 939 1019 metuit
969 981 1053 1019 sine
1075 992 1239 1032 corpore
1260 992 1428 1034 nomen,

205 1038 255 1077 Et
287 1037 393 1077 dolet
424 1037 558 1076 infelix
591 1037 711 1077 veluti
743 1038 790 1077 de
821 1038 969 1090 paelice
1001 1051 1114 1078 vera.

208 1097 332 1148 Saepe
366 1102 495 1135 tamen
528 1096 708 1149 dubitat,
740 1103 951 1148 speratque
983 1099 1203 1137 miserrima
1234 1098 1337 1151 falli,

203 1155 430 1207 indicioque
462 1154 579 1193 fidem
610 1161 749 1209 negat,
781 1163 849 1209 et,
881 1157 957 1195 nisi
987 1156 1130 1196 viderit
1159 1158 1268 1210 ipsa,

204 1214 440 1253 Damnatura
472 1215 534 1252 sui
564 1225 644 1253 non
676 1220 737 1253 est
767 1213 907 1254 delicta
933 1217 1086 1255 mariti.

117 1279 184 1312 835
203 1273 368 1312 Postera
400 1272 632 1324 depulerant
662 1272 838 1312 Aurorae
868 1273 1016 1313 lumina
1048 1279 1227 1314 noctem:

202 1331 422 1384 Egreffior,
453 1331 666 1383 silvamque
697 1337 818 1385 peto;
849 1333 1052 1384 victorque
1082 1345 1293 1385 pererrans

206 1388 342 1430 “Aura
373 1391 463 1429 veni
481 1387 507 1442 ‚⁹
540 1389 619 1429 dixi
651 1387 884 1442 ‘nostroque
915 1391 1074 1431 medere
1106 1391 1231 1431 labori
1262 1415 1318 1419 -

206 1449 256 1488 Et
287 1448 418 1488 subito
451 1450 620 1500 gemitus
650 1450 755 1488 inter
785 1462 871 1488 mea
902 1449 1021 1490 verba
1052 1450 1211 1490 videbar

204 1508 347 1547 Nescio
380 1519 479 1558 quos
512 1506 666 1546 audisse
687 1538 696 1546 .
735 1505 870 1547 “veni'
908 1514 1037 1547 tamen
1071 1506 1291 1560 ‘optima!''
1325 1509 1427 1549 dixi.

116 1574 185 1606 840
204 1566 358 1606 Fronde
391 1565 516 1605 levem
547 1578 687 1605 rursus
720 1568 928 1618 strepitum
961 1567 1128 1606 faciente
1160 1567 1305 1607 caduca

206 1626 301 1665 Sum
333 1630 442 1664 ratus
474 1636 560 1663 esse
593 1625 717 1663 feram
736 1657 747 1677 ,
778 1625 980 1677 telumque
1013 1626 1166 1665 volatile
1198 1627 1310 1666 misi.

203 1684 362 1723 Procris
394 1689 507 1736 erat,
538 1682 745 1734 medioque
778 1688 916 1724 tenens
947 1686 987 1724 in
1018 1692 1180 1736 pectore
1210 1684 1352 1725 vulnus

205 1741 283 1782 “Ei
314 1742 409 1781 mihi
427 1739 469 1782 !''
502 1741 746 1781 conclamat.
783 1755 857 1781 vox
889 1749 950 1782 est
980 1743 1048 1783 ubi
1080 1745 1234 1795 cognita
1266 1744 1364 1783 fidae

1326 1389 1353 1407 92

206 1802 391 1853 Coniugis
409 1833 421 1853 ‚
452 1800 500 1840 ad
530 1813 666 1840 vocem
696 1813 886 1853 praeceps
918 1814 1131 1854 amensque
1164 1805 1346 1842 cucurri.

116 1867 184 1899 845
207 1860 484 1899 Semianimem
516 1865 556 1898 et
587 1871 742 1911 sparsas
774 1859 996 1900 foedantem
1027 1863 1217 1913 sanguine
1249 1867 1380 1901 vestes

204 1918 255 1958 Et
285 1931 384 1971 sua,
415 1930 477 1958 me
510 1917 728 1958 miserum!
761 1918 809 1957 de
841 1919 1003 1958 vulnere
1035 1919 1137 1958 dona
1170 1919 1390 1959 trahentem

204 1977 363 2016 Invenio
382 2008 394 2030 ,
426 1989 649 2029 corpusque
681 1989 769 2016 meo
801 1977 897 2017 mihi
928 1979 1058 2017 carius
1089 1978 1193 2017 ulnis

205 2035 387 2075 Mollibus
419 2035 552 2075 attollo
571 2067 582 2088 ,
614 2037 815 2087 scissaque
847 2048 868 2075 a
897 2042 1059 2088 pectore
1090 2042 1199 2076 veste

206 2094 375 2134 Vulnera
406 2106 519 2133 saeva
550 2094 627 2145 ligo
645 2126 658 2147 ‚
689 2107 891 2146 conorque
922 2094 1102 2134 inhibere
1134 2107 1340 2148 cruorem,

118 2161 185 2192 850
204 2152 290 2192 Neu
316 2165 378 2192 me
410 2158 536 2192 morte
569 2165 639 2192 sua
671 2153 905 2193 sceleratum
937 2153 1122 2206 deserat,
1153 2166 1246 2192 oro.

204 2211 362 2251 Viribus
394 2211 456 2250 illa
490 2223 628 2250 carens
660 2218 700 2251 et
730 2213 806 2251 iam
838 2211 1071 2251 moribunda
1103 2213 1231 2264 coegit

204 2269 309 2309 Haec
341 2282 382 2310 se
413 2282 538 2322 pauca
568 2270 705 2321 loqui:
738 2267 840 2323 “per
871 2272 999 2310 nostri
1029 2271 1188 2310 foedera
1218 2270 1335 2324 lecti,

203 2328 359 2380 Perque
390 2328 485 2368 deos
516 2329 681 2382 supplex
713 2341 782 2368 oro
815 2341 1060 2382 superosque
1092 2341 1304 2383 meosque,
