1554 2563
536 99 624 134 V111
641 126 650 144 ,
676 103 862 135 811—882
1029 112 1164 135 mmm
1301 98 1382 141 173

160 207 254 247 Filia
286 208 481 261 restabat,
513 221 591 248 non
623 208 688 248 illo
721 208 835 260 digna
866 215 1053 260 parente.

159 266 268 306 Hanc
287 279 443 318 quoque
464 267 596 306 vendit
615 269 729 319 inops
743 299 752 307 .
773 267 974 306 dominum
996 279 1187 319 generosa
1207 273 1383 313 recusat.

160 324 209 364 Et
240 327 365 364 vicina
396 338 487 364 suas
518 326 683 365 tendens
715 338 835 378 super
867 337 1037 377 aequora
1067 326 1214 378 palmas

74 391 139 423 850
161 381 310 436 “Eripe
343 397 405 423 me
437 384 625 436 domino,
658 386 725 436 qui
756 390 888 436 raptae
920 386 1093 436 praemia
1124 384 1237 424 nobis

160 442 401 494 virginitatis
433 439 584 482 habes''
616 444 696 482 ait.
735 443 830 482 haec
862 442 1068 494 Neptunus
1100 443 1287 482 habebat.

160 501 236 547 Qui
267 514 385 553 prece
418 513 496 540 non
528 507 689 555 spreta,
721 503 896 553 quamvis
929 501 1042 540 modo
1074 503 1155 541 visa
1187 503 1367 552 sequenti

160 559 274 599 Esset
294 572 361 599 ero
375 592 386 612 ,
406 560 648 611 formamque
669 566 785 600 novat
803 560 1031 611 vultumque
1046 560 1197 599 virilem
1210 568 1238 594 f·
1252 568 1383 595 cxxxiii*

160 618 320 671 Induit,
352 625 392 657 et
423 618 552 658 cultus
584 620 712 670 pisces
745 618 989 671 capientibus
1022 625 1155 670 aptos.

75 685 140 715 855
161 676 270 716 Hanc
302 677 483 717 dominus
516 683 698 729 spectans
731 674 785 715 “0
819 679 886 729 qui
918 677 1128 728 pendentia
1159 689 1278 729 parvo

159 736 259 774 Aera
290 735 377 775 cibo
410 736 511 775 celas
529 768 541 789 ,
573 736 796 775 moderator
827 736 1058 775 harundinis
1076 733 1102 788 ‚'
1134 737 1263 787 inquit

163 791 244 833 ‘Sic
275 807 383 834 mare
415 797 677 846 compositum
695 826 707 847 ‚
739 796 795 834 sic
827 797 878 834 sit
909 794 979 833 tibi
1009 796 1130 846 piscis
1161 796 1202 833 in
1233 794 1336 833 unda

161 852 354 892 Credulus
372 885 383 904 ‚
415 859 455 892 et
486 853 643 906 nullos,
674 855 751 892 nisi
782 854 881 892 fixus
899 884 910 906 ‚
943 855 1084 892 sentiat
1114 853 1274 892 hamos:

163 911 270 957 Quae
296 912 411 951 modo
445 924 535 951 cum
566 912 631 951 viii
662 911 829 951 turbatis
856 918 963 950 veste
996 911 1145 963 capilliS

74 977 140 1009 860
160 969 292 1009 Litore
324 972 364 1009 in
396 970 471 1009 hoc
503 976 695 1022 steterat,
726 983 815 1009 nam
853 976 1022 1010 stantem
1059 972 1100 1009 in
1136 970 1251 1009 litore
1284 970 1384 1022 vidi,

163 1029 230 1068 Dic
262 1029 330 1068 ubi
361 1031 441 1069 sit:
473 1041 602 1080 neque
633 1031 737 1068 enim
768 1031 927 1080 vestigia
959 1029 1113 1080 longius
1145 1025 1332 1068 exta-nt.'’

161 1087 226 1126 1113
259 1088 321 1126 dei
352 1100 496 1127 munus
528 1087 628 1127 bene
660 1087 801 1127 cedere
834 1089 988 1140 sensit,
1021 1093 1060 1126 et
1090 1099 1112 1126 a
1143 1099 1185 1126 se

162 1145 212 1185 Se
245 1148 381 1197 quaeri
411 1146 585 1198 gaudens
603 1178 615 1197 ,
646 1146 707 1185 his
740 1152 800 1186 est
830 1152 1012 1185 resecuta
1042 1152 1268 1197 rogantem:

162 1202 381 1256 “Quisquis
414 1217 456 1244 es
474 1236 485 1257 ,
516 1207 725 1257 ignoscas3
756 1206 796 1244 in
829 1204 973 1244 nullam
1003 1204 1151 1243 lumina
1181 1210 1332 1256 partem

75 1270 140 1302 865
163 1263 324 1314 Gurgite
357 1263 404 1302 ab
437 1263 511 1302 hoc
542 1263 632 1302 ssexi
650 1295 661 1316 ‚
694 1263 904 1314 studioque
936 1270 1121 1315 operatus
1152 1263 1326 1302 inhaesi.

163 1322 328 1373 Quoque
360 1323 491 1361 minus
524 1321 680 1361 dubites
700 1354 710 1374 ‚
743 1323 798 1361 sic
836 1321 906 1360 has
938 1321 1034 1361 deus
1067 1322 1249 1373 aequoris
1282 1327 1384 1360 artes

162 1381 350 1433 Adiuvet‚
382 1387 426 1420 ut
456 1393 571 1420 nemo
603 1380 816 1420 iandudum
848 1380 962 1419 litore
995 1382 1035 1418 in
1066 1381 1166 1433 isto,

161 1439 222 1478 Me
253 1445 383 1478 tamen
416 1445 580 1490 excepto
600 1471 610 1491 ,
641 1451 715 1478 nec
747 1440 891 1478 femina
923 1440 1100 1477 constitit
1129 1435 1262 1477 ulla.''

163 1497 366 1549 Credidit,
397 1504 437 1536 et
467 1510 580 1536 verso
612 1497 794 1536 dominus
825 1497 924 1548 pede
955 1498 1099 1548 pressit
1130 1497 1340 1549 harenam,

75 1563 143 1595 870
165 1556 388 1607 Elususque
421 1555 544 1595 abiit.
582 1555 637 1594 1111
670 1568 739 1595 sua
770 1556 921 1594 reddita
953 1556 1077 1594 forma
1109 1562 1191 1594 est.

163 1616 232 1654 Ast
262 1614 330 1654 ubi
362 1614 508 1654 habere
541 1626 650 1653 suam
683 1615 933 1653 transformia
965 1625 1131 1665 corpora
1163 1615 1309 1665 sensit,

166 1673 289 1725 Saepe
321 1679 433 1725 pater
465 1673 631 1712 dominis
663 1672 872 1724 Triopeida
904 1672 1051 1712 tradit.
1096 1678 1134 1711 at
1164 1672 1228 1711 illa

163 1731 275 1770 Nunc
296 1744 395 1783 equa
408 1763 419 1785 ‚
439 1744 544 1771 nunc
564 1731 643 1770 ales
656 1763 667 1783 ‚
687 1731 802 1770 modo
823 1731 892 1770 bos
906 1762 917 1783 ,
937 1731 1052 1769 modo
1073 1743 1213 1770 cervus
1233 1730 1386 1782 abibat,

163 1790 458 1841 Praebebatque
490 1790 599 1829 avido
631 1802 710 1828 non
741 1791 843 1829 iusta
875 1789 1055 1828 alimenta
1087 1792 1263 1841 parenti.

77 1856 142 1888 875
162 1848 228 1888 Vis
260 1855 390 1888 tamen
421 1849 484 1887 illa
516 1849 605 1887 mali
636 1855 843 1899 postquam
875 1855 1172 1899 consumpserat
1203 1860 1357 1887 omnem

163 1907 394 1959 Materiam,
426 1907 665 1958 dederatque
698 1908 806 1957 gravi
837 1918 934 1945 nova
966 1906 1106 1957 pabula
1139 1906 1299 1958 morbo,

163 1966 250 2017 Ipse
282 1978 375 2005 suos
407 1972 515 2005 artus
547 1966 676 2005 lacero
709 1965 892 2004 divellere
924 1976 1058 2003 morsu

167 2024 333 2076 Coepit,
364 2031 404 2064 et
435 2025 569 2064 infelix
595 2024 806 2064 minuendo
839 2035 983 2074 corpus
1015 2022 1163 2062 alebat.

165 2083 267 2128 Quid
297 2095 431 2122 moror
463 2085 636 2122 externis
655 2080 677 2121 ⁴?
709 2084 825 2121 etiam
856 2082 951 2120 mihi
983 2093 1098 2133 saepe
1131 2081 1297 2120 novandi
1329 2089 1389 2121 est

78 2149 144 2181 880
166 2141 350 2193 Corporis
369 2173 380 2193 ‚
412 2153 434 2180 o
466 2143 627 2180 iuvenes
646 2172 657 2194 ‚
689 2153 853 2180 numero
887 2141 994 2178 finita
1025 2146 1222 2191 potestas.

167 2200 262 2239 Nam
293 2200 409 2239 modo
442 2201 510 2252 qui
540 2211 646 2239 nunc
678 2211 766 2238 sum
796 2198 960 2238 videor:
991 2198 1106 2237 modo
1138 2199 1276 2238 flector
1307 2201 1347 2238 in

1199 2270 1387 2309 anguem:

166 2318 340 2356 Armenti
371 2316 486 2356 modo
518 2317 596 2356 dux
628 2318 730 2355 vires
762 2318 802 2355 in
835 2328 981 2355 cornua
1013 2328 1147 2368 sumo3
