1554 2563
511 128 578 163 XV
593 156 602 173 ,
627 131 811 163 373--446
826 155 835 164 .
934 139 1159 162 PYTHAGORAS
1266 127 1348 168 317

38 247 106 279 410
127 238 245 278 Passa
265 251 413 278 marem
433 245 513 291 est,
533 250 637 278 nunc
658 250 744 277 esse
767 250 914 277 marem
934 239 1123 277 miremur
1143 237 1349 289 hyaenam.

126 297 168 336 Id
201 309 357 349 quoque
376 329 388 350 ‚
419 296 524 348 qnod
556 298 681 336 ventis
714 297 854 336 animal
887 298 1061 336 nutritur
1094 303 1133 335 et
1163 308 1281 349 aura,

126 356 311 395 Protinus
343 355 570 408 assimulat,
602 357 730 407 tetigit
762 367 1031 406 quoscumque
1064 355 1239 394 colores.

126 414 234 454 Victa
266 415 496 454 racemifero
529 414 659 465 lyncas
692 414 799 453 dedit
830 413 937 452 India
968 413 1144 466 Baccho3

126 473 156 512 E
189 473 332 524 quibus
350 505 362 526 ‚
393 479 437 512 ut
467 479 714 524 memorant,
747 473 934 524 quicquid
965 474 1093 511 vesica
1124 474 1298 524 remisit,

37 540 105 571 415
127 531 300 571 Vertitur
331 533 372 571 in
403 531 551 583 lapides
583 538 622 571 et
653 531 831 582 congelat
861 535 951 570 aere
983 537 1109 570 tacto.

131 591 195 630 Sic
227 597 267 629 et
298 590 489 630 curalium
521 603 597 641 quo
630 592 801 642 primum
833 591 996 641 contigit
1027 602 1141 629 auras

126 649 351 701 Tempore,
383 649 587 701 durescit3
620 649 745 688 mollis
778 649 852 688 suit
882 648 1003 687 herba
1034 648 1107 687 sub
1139 649 1278 688 undis,

130 707 291 746 Desinet
321 714 410 746 ante
443 707 526 746 dies
545 739 556 760 ,
588 714 627 746 et
658 709 698 746 in
730 707 806 746 alto
838 706 1020 746 Phoebus
1053 707 1212 746 anhelos

128 769 309 817 Aequore
335 768 488 817 tinguet
508 778 629 817 equos
649 798 659 818 ‚
685 778 802 817 quam
827 777 1046 817 consequar
1072 767 1201 805 omnia
1220 765 1349 806 verbis

39 825 169 865 420111
202 826 354 876 species
388 824 571 863 translata
604 836 751 864 novas.
791 826 848 863 sic
880 826 1009 863 omnia
1041 826 1141 863 verti

128 883 333 922 Cernimus
352 915 363 935 ,
395 889 511 934 atque
543 883 627 922 illas
659 895 861 922 assumere
894 882 1036 921 robora
1067 889 1228 935 gentes,

128 941 343 981 Concidere
375 942 473 980 has.
512 943 568 981 sic
600 954 737 993 magna
770 942 845 981 fnit
876 953 1075 993 censuque
1107 943 1304 995 virisque,

130 1000 285 1052 Perque
323 1000 459 1039 decem
499 1002 628 1052 potuit
664 1006 817 1039 tantum
849 1000 940 1039 dare
974 1002 1174 1051 sanguinis
1206 1013 1352 1054 annos,

129 1059 244 1098 Nunc
275 1059 434 1098 humilis
466 1065 619 1098 veteres
652 1059 920 1098 tantummodo
952 1058 1069 1097 Troia
1100 1060 1234 1099 ruinas

41 1125 107 1156 425
129 1117 178 1157 Et
208 1129 280 1168 pro
313 1118 456 1156 divitiis
488 1117 660 1157 tumulos
693 1117 866 1157 ostendit
898 1129 1080 1156 avorum.

130 1175 259 1226 [Clara
291 1176 364 1215 suit
397 1176 566 1227 Sparte:
603 1188 763 1228 magnae
796 1178 957 1227 viguere
988 1175 1195 1227 Mycenae:

129 1235 210 1274 Nec
242 1247 320 1273 non
353 1240 392 1274 et
424 1234 639 1287 Cecropis,
670 1247 743 1274 nec
775 1247 853 1273 non
884 1234 1113 1285 Amphionis
1145 1246 1278 1275 arces.

128 1292 211 1332 Vile
244 1293 370 1332 solnm
403 1292 541 1345 Sparte
574 1300 634 1333 est
652 1325 663 1346 ,
696 1293 793 1333 altae
826 1292 1003 1332 cecidere
1036 1293 1244 1344 Mycenae:

129 1351 434 1403 Oedipodioniae
467 1351 559 1403 quid
592 1358 712 1404 sunt,
744 1353 821 1391 nisi
852 1351 981 1390 fabula
999 1383 1010 1403 ‚
1042 1350 1234 1391 Thebae?

40 1417 108 1450 430
130 1410 231 1456 Quid
262 1410 497 1449 Pandioniae
530 1416 708 1463 restant,
739 1411 816 1449 nisi
846 1422 989 1448 nomen
1008 1441 1019 1462 ‚
1051 1409 1224 1449 Athenae
1238 1409 1278 1462 P]

129 1469 242 1508 Nunc
268 1480 424 1520 quoque
444 1468 675 1507 Dardaniam
701 1469 800 1506 fama
826 1473 887 1507 est
906 1479 1145 1519 consurgere
1167 1469 1328 1510 Romani
1341 1502 1351 1523 ,

128 1528 471 1579 Appenninigenae
505 1539 602 1578 quae
635 1529 811 1578 proxima
842 1525 1050 1577 Thybridis
1082 1526 1197 1567 undis

129 1586 229 1625 Mole
261 1585 334 1625 snb
366 1587 516 1637 ingenti
546 1597 682 1624 rerum
714 1584 939 1624 fundamina
970 1586 1101 1636 ponit.

130 1645 235 1684 llaec
266 1645 386 1695 igitur
418 1645 582 1683 sormam
614 1643 826 1683 crescendo
859 1649 1012 1696 mutat,
1044 1649 1084 1682 et
1114 1643 1206 1683 olim

43 1710 111 1743 435
132 1703 303 1742 inmensi
336 1708 453 1754 caput
485 1702 591 1741 orbis
623 1704 726 1742 erit.
765 1704 822 1741 sic
854 1701 985 1741 dicere
1017 1708 1124 1741 vates

130 1762 402 1812 Faticinasque
434 1761 565 1800 ferunt
598 1766 754 1800 sortes:
786 1766 1053 1811 quantumque
1086 1760 1293 1813 recordor,

131 1820 288 1859 Dixerat
318 1820 471 1859 Aeneae
490 1851 502 1872 ‚
533 1831 623 1858 cum
654 1831 718 1858 res
749 1818 916 1858 Troiana
947 1818 1118 1871 labaret,

131 1878 347 1918 Priamides
379 1877 551 1917 Helenus
583 1878 693 1916 flenti
724 1877 921 1928 dubioque
954 1877 1112 1917 salutis:

133 1934 260 1976 “Nate
294 1937 364 1975 dea
383 1968 394 1989 ‚
426 1938 459 1976 si
490 1942 582 1976 nota
613 1937 707 1975 satis
738 1937 939 1987 praesagia
971 1942 1129 1975 nostrae

44 2003 113 2036 440
132 1995 273 2035 Mentis
305 1995 424 2034 habes
443 2026 454 2047 ‚
486 2007 564 2034 non
596 2000 677 2033 tota
709 1994 822 2033 cadet
852 2000 891 2033 te
924 1995 1071 2046 sospite
1102 1994 1241 2033 Troia.

131 2054 302 2093 Flamma
334 2053 405 2093 tibi
436 2054 664 2104 ferrumque
698 2052 846 2092 dabunt
875 2053 980 2092 iter:
1012 2052 1086 2091 ibis
1105 2084 1116 2105 ‚
1147 2059 1186 2092 et
1217 2064 1294 2092 una

132 2113 319 2164 Pergama
350 2117 461 2164 rapta
491 2112 596 2150 feres
614 2143 625 2164 ,
657 2111 781 2150 donec
811 2111 1030 2162 Troiaeque
1062 2111 1212 2162 tibique

132 2170 349 2210 Externum
380 2171 505 2222 patria
536 2171 736 2221 contingat
766 2170 928 2208 amicius
960 2181 1118 2209 arvum.

132 2228 278 2268 Urbem
310 2230 427 2268 etiam
460 2240 578 2268 cerno
609 2228 799 2280 Phrygios
831 2227 976 2267 debere
1008 2233 1195 2282 nepotes,

45 2295 112 2328 445
135 2287 287 2334 Quanta
317 2299 390 2327 nec
422 2293 482 2326 est
512 2299 584 2326 nec
617 2288 692 2326 erit
723 2299 795 2326 nec
826 2288 906 2326 visa
937 2287 1135 2338 prioribus
1166 2288 1300 2327 annis.

133 2345 242 2385 Hanc
274 2345 339 2386 alii
369 2357 556 2398 proceres
588 2358 658 2398 per
691 2344 844 2385 saecula
874 2345 989 2397 longa
1019 2351 1241 2399 potentem,
