1554 2563
586 110 620 144 Π
633 135 643 153 ,
669 113 854 145 283-356
868 135 877 144 .
1027 121 1198 145 namanes
1350 108 1401 149 31

90 229 158 261 320
178 219 352 260 Volvitur
384 221 424 260 in
456 232 644 272 praeceps
670 219 864 271 longoque
896 231 968 271 per
999 223 1087 259 aera
1118 225 1247 259 tractu

183 279 355 332 Fertur,
384 285 430 318 ut
460 278 658 318 interdum
691 278 738 317 de
772 277 878 317 caelo
910 278 1020 317 stella
1054 290 1193 317 sereno

183 337 268 377 Etsi
299 349 378 377 non
411 337 581 389 cecidit,
612 338 740 388 potuit
771 336 959 376 cecidisse
993 337 1137 376 videri.

184 396 309 443 Quem
340 395 479 448 procul
505 408 525 435 a
555 397 681 447 patria
713 396 868 434 diverso
900 397 1090 435 maximus
1123 395 1217 435 orbe

184 455 339 507 Excipit
370 454 564 494 Eridanus
583 487 595 507 ‚
626 455 892 505 fumantiaque
924 454 1046 494 abluit
1076 466 1167 494 ora.

95 519 165 554 325
184 514 326 554 Naides
359 513 572 565 Hesperiae
603 513 732 552 trifida
764 514 951 552 fumantia
983 513 1136 552 ssamma

186 573 358 625 Corpora
378 573 471 612 dant
490 572 640 611 tumulo
658 603 670 625 ‚
698 573 852 624 signant
876 584 1033 623 quoque
1055 573 1226 611 carmine
1247 583 1382 612 saxum
1399 585 1407 611 :

185 629 272 671 ‘Hic
303 633 402 671 situs
433 637 494 670 est
523 631 725 670 Phaethon
744 663 756 683 ,
788 643 929 670 currus
961 632 1094 682 auriga
1125 632 1302 683 paterni;

185 691 311 737 Quem
342 691 375 729 si
406 702 484 729 non
516 691 672 742 tenuit,
703 691 851 741 magnis
884 696 1013 729 tamen
1046 690 1190 730 excidit
1221 686 1365 729 ausis.'

184 749 281 790 Nam
312 754 423 801 pater
455 748 675 801 obductos,
706 748 815 788 luctu
847 748 1080 788 miserabilis
1112 761 1249 801 aegro,

97 817 166 849 330
187 808 422 848 Condiderat
453 808 612 848 vultus:
645 813 684 847 et
715 809 748 846 si
778 807 893 847 modo
926 807 1123 846 credimus
1142 839 1153 860 ‚
1185 819 1308 846 unum

184 867 266 906 Isse
298 867 400 906 diem
427 868 510 906 sine
542 866 623 905 sole
655 867 816 905 ferunt.
860 866 1039 905 incendia
1069 866 1203 906 lumen

184 925 429 965 Praebebam
446 957 458 978 ,
489 925 706 977 aliquisque
738 924 837 964 malo
871 926 944 964 fuit
975 937 1070 964 usus
1101 927 1141 964 in
1173 924 1260 964 illo.

185 986 234 1025 At
264 984 446 1036 Clymene
478 989 686 1036 postquam
717 983 814 1023 dixit
846 995 1115 1035 quaecumque
1148 984 1309 1022 fuerunt

184 1043 228 1083 In
260 1045 379 1083 tantis
411 1043 574 1082 dicenda
605 1042 745 1095 malis,
776 1042 954 1094 lugubris
986 1048 1026 1082 et
1057 1054 1191 1082 amens

97 1111 164 1143 335
185 1102 235 1142 Et
259 1102 399 1141 laniata
431 1103 540 1141 sinus
572 1107 699 1141 totum
729 1102 959 1152 percensuit
989 1100 1150 1140 orbem:

185 1161 472 1212 Exanimesque
505 1166 614 1200 artus
645 1161 772 1212 primo
792 1191 804 1213 ,
834 1172 924 1199 mox
956 1171 1044 1199 ossa
1075 1161 1283 1211 requirens

185 1220 375 1272 Repperit
405 1231 493 1259 ossa
523 1225 654 1258 tamen
685 1220 894 1270 peregrina
926 1218 1082 1258 condita
1112 1220 1222 1271 ripa,

186 1278 448 1330 Incubuitque
480 1278 566 1317 loco
591 1310 602 1331 ,
633 1289 855 1329 nomenque
887 1279 928 1316 in
960 1289 1154 1317 marmore
1187 1277 1332 1317 lectum

186 1337 365 1378 Perfudit
396 1337 567 1377 lacrimis
599 1342 639 1376 et
669 1342 805 1388 aperto
836 1342 998 1388 pectore
1030 1336 1149 1375 fovit.

99 1406 168 1437 340
187 1397 268 1436 Nec
299 1398 429 1436 minus
460 1395 640 1435 Heliades
672 1395 807 1447 lugent
837 1401 906 1448 et,
936 1396 1066 1434 inania
1098 1396 1215 1434 morti

187 1455 378 1507 Munera,
410 1454 503 1494 dant
533 1454 742 1507 lacrimas,
774 1459 813 1493 et
845 1465 981 1493 caesae
1011 1459 1171 1505 pectora
1203 1453 1340 1505 palmis

188 1514 275 1554 Non
307 1514 532 1553 auditurum
564 1514 727 1552 miseras
758 1512 1000 1551 Phaethonta
1033 1511 1227 1563 querellas

188 1573 311 1613 Nocte
344 1573 485 1623 dieque
517 1577 685 1623 vocant,
717 1571 1078 1622 adsternunturque
1110 1570 1340 1622 sepulchro.

189 1632 298 1672 Luna
330 1636 468 1683 quater
487 1631 631 1670 iunctis
662 1629 843 1681 implerat
862 1628 1048 1668 cornibus
1075 1628 1235 1669 orbem:
1285 1637 1314 1664 f·
1334 1637 1409 1663 xiii-

103 1699 170 1731 345
190 1691 281 1730 Illae
312 1702 421 1730 more
455 1701 525 1729 suo
544 1720 555 1741 ,
588 1700 676 1727 nam
707 1700 858 1727 morem
889 1688 1037 1727 fecerat
1067 1700 1187 1741 usus,

189 1749 423 1801 Plangorem
455 1747 670 1787 dederant.
709 1759 730 1786 e
763 1748 850 1798 quis
881 1746 1132 1799 Phaethusa,
1164 1758 1345 1786 sororum

190 1808 353 1848 Maxima
372 1839 383 1860 ‚
415 1819 504 1847 cum
536 1806 652 1845 vellet
682 1812 788 1845 terra
819 1805 1080 1857 procumbere
1099 1837 1110 1858 ‚
1142 1810 1280 1857 questa
1311 1812 1370 1844 est

190 1867 415 1918 Deriguisse
447 1866 596 1918 pedes.
635 1864 681 1903 ad
715 1876 830 1916 quam
862 1870 999 1903 conata
1029 1866 1164 1903 venire

192 1925 362 1966 Candida
393 1924 591 1976 Lampetie
624 1923 751 1963 subita
783 1923 913 1962 radice
945 1928 1097 1962 ret-enta
1130 1929 1217 1963 est.

103 1992 171 2025 350
191 1984 353 2037 Tertia,
384 1995 475 2023 cum
500 1984 650 2022 crinem
682 1981 860 2021 manibus
891 1981 1036 2020 laniare
1067 1987 1247 2033 pararet,

191 2042 330 2082 Avellit
361 2042 549 2081 frondes.
587 2041 683 2080 haec
715 2041 847 2092 stipite
880 2052 996 2079 crura
1027 2041 1176 2092 teneri,

192 2101 259 2141 Illa
290 2100 396 2140 dolet
427 2101 512 2140 fieri
542 2099 678 2152 longos
711 2111 780 2139 sua
811 2098 993 2138 bracchia
1024 2110 1177 2138 ramos.

193 2160 371 2212 Dumque
403 2171 448 2198 ea
480 2160 672 2198 mirantur
690 2190 701 2211 ,
732 2157 1006 2209 complectitur
1036 2158 1196 2208 inguina
1226 2162 1384 2210 cortex,

192 2219 347 2270 Perque
367 2218 510 2270 gradus
533 2223 691 2258 uterum
709 2222 926 2269 pectusque
940 2227 1177 2267 umerosque
1196 2228 1411 2268 manusque

106 2286 173 2318 355
194 2277 353 2330 Ambit,
384 2282 424 2316 et
454 2275 658 2316 exstabant
687 2280 840 2315 tantum
872 2286 940 2314 ora
971 2275 1148 2314 vocantia
1178 2279 1365 2314 matrem.

196 2335 298 2383 Quid
330 2336 445 2375 faciat
476 2340 600 2375 mater
618 2366 630 2388 ‚
661 2335 766 2387 nisi,
797 2345 875 2385 quo
906 2332 1035 2373 trahat
1065 2334 1236 2386 impetus
1268 2332 1396 2384 illam,
