1554 2563
161 113 240 155 190
413 126 533 148 BYBLIS
707 112 920 147 METAMM
934 139 944 149 .

185 224 340 264 580111e
374 224 474 275 fugit
505 223 666 275 pavidus
685 255 696 276 ,
728 222 987 275 dominaeque
1021 223 1165 263 ferocia
1197 223 1319 263 Cauni

273 283 382 321 Dicta
414 283 565 321 refert.
602 282 724 334 palles
755 283 914 335 audita,
947 281 1055 334 Bybli
1073 313 1085 335 ‚
1116 282 1296 335 repulsa,

272 340 321 380 Et
352 347 465 392 pavet
497 340 701 380 obsessum
734 340 883 392 glaciali
916 341 1060 392 frigore
1093 353 1260 392 corpus.

272 399 381 438 Mens
414 405 543 438 tamen
576 405 619 438 ut
649 400 794 452 rediit,
826 401 972 451 pariter
1004 399 1157 438 rediere
1190 401 1368 440 furores:

273 457 500 509 Linguaque
532 459 593 497 vix
626 458 722 497 tales
754 459 831 498 icto
864 458 971 497 dedit
1002 461 1092 498 aere
1125 469 1262 498 voces:

187 524 253 556 585
276 514 340 555 ‘Et
373 515 541 556 merito!
575 517 667 568 quid
700 518 804 556 enim
838 518 1044 556 temeraria
1075 516 1248 556 vulneris
1280 517 1393 556 huius

274 575 467 614 Indicium
500 575 574 614 feci
593 573 615 614 ‘?
647 575 770 629 quid,
803 588 901 626 quae
928 575 1088 614 celanda
1120 575 1303 628 fuerunt,

274 634 368 673 Tam
402 636 479 673 cito
512 635 690 673 commisi
721 635 942 686 propera-tis
974 633 1092 673 verba
1124 632 1310 673 tabellis?

273 694 371 740 Ante
404 698 489 731 erat
520 693 711 744 ambiguis
744 694 862 732 animi
894 694 1087 732 sententia
1119 692 1233 732 dictis

274 751 599 803 Praetemptanda
632 752 753 791 mihi.
792 764 841 790 ne
874 764 953 790 non
985 757 1219 802 sequeretur
1251 757 1431 803 euntem,

188 818 254 850 590
276 810 391 849 Parte
424 810 550 861 aliqua
582 810 685 863 veli,
718 810 842 861 qualis
876 810 978 849 foret
1009 822 1131 863 aura,
1163 815 1298 849 notare

275 868 522 921 Debueram,
554 874 717 919 tutoque
750 870 847 907 mari
879 869 1090 908 decurrere
1109 900 1121 922 ‚
1152 880 1251 920 quae
1284 880 1388 908 nunc

274 927 359 966 Non
393 927 602 979 exploratis
634 927 789 979 implevi
822 927 940 967 lintea
971 929 1119 967 ventis.

275 986 444 1025 Auferor
475 988 515 1025 in
548 986 729 1038 scopulos
763 988 882 1037 igitur
900 1002 919 1039 ,⁷
943 986 1208 1038 sub-versaque
1241 991 1322 1025 toto

275 1044 431 1084 Obruor
464 1057 639 1097 oceano,
672 1057 799 1096 neque
832 1045 976 1084 liabent
1008 1057 1091 1084 mea
1123 1045 1204 1084 vela
1238 1057 1443 1084 recursus.

189 1110 256 1143 595
279 1103 380 1149 Quid
414 1104 516 1154 quod
550 1110 589 1142 et
620 1103 815 1143 ominibus
848 1105 967 1143 certis
998 1103 1235 1155 prohibebar
1266 1105 1390 1142 amori

276 1162 483 1213 Indulgere
516 1174 602 1201 meo
622 1194 633 1215 ,
666 1168 748 1201 tum
781 1175 869 1201 cum
903 1162 996 1201 mihi
1030 1163 1133 1201 serre
1165 1162 1318 1202 iubenti

276 1220 431 1259 Excidit
463 1227 502 1260 et
535 1222 627 1259 fecit
658 1233 748 1272 spes
781 1226 934 1260 nostras
968 1233 1056 1260 cera
1089 1219 1290 1260 caducas?

276 1279 413 1318 Nonne
445 1279 505 1318 vel
536 1279 599 1318 illa
635 1279 717 1318 dies
750 1280 906 1332 fuerat,
938 1279 997 1318 vel
1031 1285 1109 1318 tota
1142 1280 1342 1332 voluntas,

278 1337 354 1376 Sed
386 1339 517 1389 potius
550 1337 735 1377 mutanda
767 1336 891 1377 dies?
923 1337 1019 1377 deus
1051 1340 1134 1390 ipse
1166 1338 1350 1377 monebat

189 1405 257 1436 600
279 1396 474 1447 Signaque
508 1403 614 1435 certa
647 1396 789 1449 dabat,
821 1398 854 1435 si
885 1409 963 1435 non
995 1397 1093 1435 male
1126 1409 1218 1435 sana
1249 1398 1433 1436 fuissem.

277 1455 326 1494 Et
357 1461 487 1494 tamen
519 1457 602 1506 ipsa
634 1455 770 1508 loqui,
801 1467 874 1494 nec
906 1467 967 1494 me
1000 1457 1244 1494 committere
1277 1467 1389 1494 cerae

276 1513 525 1566 Debueram,
558 1526 824 1565 praesensque
858 1526 964 1552 meos
997 1516 1149 1566 aperire
1182 1515 1359 1553 furores.

278 1572 447 1612 Vidisset
478 1572 657 1611 lacrimas
676 1604 688 1624 ‚
720 1573 870 1612 vultum
903 1573 1063 1612 vidisset
1094 1574 1282 1625 amantis;

277 1631 394 1670 Plura
425 1631 532 1682 loqui
564 1638 739 1682 poteram
758 1663 769 1683 ,
801 1643 917 1682 quam
950 1643 1047 1682 quae
1080 1643 1221 1682 cepere
1253 1631 1436 1670 tabellae.

191 1697 257 1729 605
278 1690 403 1728 Invito
435 1691 545 1741 potui
578 1689 822 1729 circumdare
854 1690 1036 1728 bracchia
1068 1690 1191 1742 collo,

278 1748 358 1801 Et,
390 1750 422 1787 si
453 1750 657 1800 reicerer,
688 1750 799 1800 potui
830 1750 1020 1787 moritura
1052 1749 1174 1787 videri

278 1806 549 1858 Amplectique
581 1806 732 1859 pedes,
764 1807 962 1858 affusaque
996 1819 1159 1858 poscere
1192 1809 1331 1846 vitam.

279 1865 416 1904 Omnia
450 1866 632 1904 fecissem
652 1897 663 1917 ‚
694 1877 862 1916 quorum
894 1867 927 1904 si
959 1865 1111 1916 singula
1143 1865 1278 1904 duram

278 1924 454 1963 Flectere
488 1936 566 1963 non
597 1930 778 1975 poterant
797 1955 807 1975 ‚
838 1925 1060 1974 potuissent
1091 1926 1247 1975 omnia,
1280 1929 1473 1963 mentem.

192 1990 259 2022 610
279 1982 459 2020 Forsitan
491 1988 531 2021 et
562 1984 672 2021 missi
704 1984 754 2021 sit
786 1982 975 2033 quaedam
1008 1982 1120 2033 culpa
1152 1983 1345 2022 ministri:

279 2040 364 2079 Non
398 2040 492 2079 adiit
524 2047 610 2092 apte
630 2073 641 2094 ,
674 2053 746 2080 nec
777 2040 870 2092 legit
902 2041 1040 2079 idonea
1059 2072 1070 2093 ,
1103 2040 1245 2092 credo,

280 2099 472 2150 Tempora
491 2131 501 2151 ‚
534 2111 606 2137 nec
637 2101 750 2150 petiit
775 2099 988 2150 horamque
1009 2101 1260 2150 animumque
1281 2106 1480 2139 vacantem
1494 2130 1502 2140 .

279 2156 384 2196 Ilaec
418 2170 588 2196 nocuere
622 2158 717 2196 milii
737 2188 746 2197 .
785 2170 911 2208 neque
944 2159 1047 2196 enim
1080 2157 1127 2196 de
1160 2158 1299 2209 tigride
1331 2166 1446 2198 natus

280 2216 360 2254 Nec
393 2216 537 2267 rigidas
569 2216 698 2254 silices
732 2216 947 2255 solidumve
979 2218 1018 2254 in
1051 2222 1211 2267 pectore
1243 2217 1393 2256 ferrum

193 2281 259 2313 615
280 2275 357 2312 Aut
388 2274 589 2313 adamanta
621 2275 752 2325 gerit,
785 2286 857 2313 nec
889 2274 946 2313 lac
978 2273 1077 2312 bibit
1108 2274 1171 2313 ille
1202 2274 1382 2315 leaenae.

280 2331 497 2371 Vincetur.
535 2332 775 2384 repetendus
808 2333 911 2372 erit.
951 2344 1023 2371 nec
1056 2332 1181 2372 taedia
1213 2335 1342 2386 coepti
