1554 2563
102 61 186 104 242
356 74 490 97 cyanus
657 61 871 96 METAMM
886 89 893 96 .

219 171 330 210 Haud
363 171 451 210 tulit
483 170 678 224 ulterius,
711 171 915 224 clipeoque
948 172 1108 211 adversa
1139 178 1299 223 recepto

219 230 297 269 Ter
329 235 467 281 quater
499 241 567 268 ora
598 231 671 269 viri
703 237 742 269 et
773 230 910 282 capulo
944 242 1034 269 cava
1063 235 1240 282 tempora
1271 229 1422 282 pulsat3

220 288 461 340 Cedentique
494 300 664 340 sequens
695 290 843 341 instat,
874 288 1085 340 turbatque
1103 321 1115 342 ‚
1146 290 1329 341 ruitque,

134 354 199 386 135
219 347 473 398 Attonitoque
506 353 622 399 negat
652 349 859 399 requiem.
897 359 1017 399 pavor
1049 352 1215 399 occupat
1244 347 1378 399 illum,

220 406 320 445 Ante
351 405 566 457 oculosque
598 411 734 445 natant
764 405 980 446 tenebrae:
1011 411 1200 458 retroque
1232 405 1373 445 ferenti

220 465 387 504 Aversos
418 477 557 516 passus
589 465 717 504 medio
750 464 846 516 lapis
877 464 1030 504 obstitit
1061 477 1174 504 arv0.

221 524 346 570 Quem
378 535 498 575 super
530 523 730 575 inpulsum
761 524 948 575 resupino
980 529 1142 575 pectore
1175 523 1350 574 Cygnum

219 582 265 621 Vi
295 582 417 621 multa
449 583 594 635 vertit,
625 588 835 634 terraeque
868 582 1016 621 adflixit
1046 581 1237 621 Achilles.

134 648 200 680 140
219 640 321 680 Tum
352 641 477 692 clipeo
509 640 753 693 genibusque
784 653 968 693 premens
999 640 1228 692 praecordia
1260 639 1369 679 duris

220 699 353 738 Vincla
385 699 504 738 trahit
535 699 695 750 galeae:
727 711 826 751 quae
857 711 995 751 presso
1027 698 1182 738 subdita
1215 703 1345 738 mento

220 758 382 797 Elidunt
413 759 544 797 fauces
564 790 575 810 ,
607 764 646 797 et
676 760 920 810 respiramen
951 760 1105 809 iterque

220 817 404 868 Eripiunt
436 818 584 856 animae
605 847 614 856 .
651 818 797 856 victum
830 817 996 869 spoliare
1028 816 1212 868 parabat:

220 877 336 914 Arma
355 875 492 915 relicta
511 875 634 915 videt.
659 888 802 927 corpus
823 875 920 916 deus
940 877 1122 927 aequoris
1143 875 1268 914 albam
1281 883 1306 909 f·
1322 882 1441 909 clxxiii·

136 941 200 973 145
222 934 396 974 Contulit
426 936 467 973 in
498 935 698 973 volucrem
717 966 728 987 ‚
761 936 873 974 cuius
906 934 1021 973 modo
1054 946 1196 973 nomen
1229 933 1417 973 habebat.

279 993 351 1032 Hic
383 993 519 1046 labor,
550 994 645 1033 haec
677 994 855 1045 requiem
886 993 1101 1032 multorum
1132 1005 1262 1044 pugna
1294 992 1445 1032 dierum

221 1052 360 1091 Attulit
391 1058 431 1091 et
460 1054 599 1103 positis
630 1064 721 1104 pars
752 1057 919 1103 utraque
953 1051 1128 1091 substitit
1160 1053 1300 1090 armis.

221 1111 400 1162 Dumque
432 1111 524 1162 vigil
556 1111 746 1162 Phrygios
779 1116 908 1150 servat
939 1110 1117 1150 custodia
1148 1122 1306 1163 muros,

222 1169 272 1208 Et
302 1169 391 1220 vigil
423 1169 622 1220 Argolicas
654 1175 783 1208 servat
814 1169 991 1208 custodia
1023 1170 1170 1221 fossas,

134 1236 201 1268 150
221 1228 336 1267 Festa
368 1228 450 1266 dies
483 1227 645 1279 aderat,
677 1240 753 1278 qua
786 1227 907 1279 Cygni
938 1229 1061 1266 victor
1093 1227 1261 1266 Achilles

220 1286 375 1325 Pallada
406 1291 594 1325 mactatae
626 1285 802 1337 placabat
833 1287 1022 1337 sanguine
1055 1298 1215 1325 vaccae.

222 1345 342 1384 Cuius
375 1350 419 1383 ut
449 1346 623 1396 inposuit
653 1350 834 1395 prosecta
866 1344 1082 1383 calentibus
1116 1346 1217 1397 aris,

221 1403 272 1442 Et
302 1403 361 1442 dis
393 1409 578 1455 acceptus
610 1404 830 1454 penetravit
860 1404 900 1441 in
932 1403 1089 1441 aethera
1121 1403 1258 1454 nidor,

223 1462 341 1501 Sacra
372 1461 498 1501 tulere
530 1473 641 1500 suam
659 1493 670 1513 ,
701 1474 792 1513 pars
823 1466 884 1500 est
915 1461 1002 1500 data
1034 1467 1164 1500 cetera
1197 1461 1363 1500 mensis.

135 1528 201 1560 155
221 1520 464 1560 Discubuere
497 1521 594 1559 toris
625 1532 812 1571 proceres
844 1525 884 1559 et
915 1532 1080 1572 corpora
1110 1525 1213 1559 tosta

223 1579 348 1619 Carne
380 1578 563 1631 replent,
593 1580 762 1629 vinoque
794 1578 924 1618 levant
954 1590 1148 1630 curasque
1181 1579 1386 1629 sitimque.

222 1638 308 1677 Non
339 1637 426 1677 illos
459 1637 630 1676 citharae
648 1669 659 1690 ,
691 1649 770 1676 non
801 1637 887 1676 illos
920 1639 1092 1677 carmina
1122 1648 1262 1676 vocum

222 1696 400 1748 Longave
434 1696 623 1735 multifori
655 1695 822 1735 delectat
852 1695 947 1735 tibia
978 1695 1097 1748 buxi,

223 1755 300 1794 Sed
331 1760 487 1794 noctem
519 1766 700 1794 sermone
732 1754 893 1793 trahunt
910 1786 921 1807 ‚
952 1756 1155 1805 virtusque
1187 1753 1372 1805 loquendi

135 1822 202 1853 160
222 1814 382 1852 Materia
414 1818 501 1852 est.
540 1825 711 1865 pugnam
742 1813 922 1852 referunt
952 1813 1156 1864 hostisque
1188 1825 1400 1864 suamque,

222 1872 345 1923 Inque
376 1873 481 1911 vices
513 1871 615 1911 adita
648 1878 764 1923 atque
796 1871 983 1911 exhausta
1013 1871 1187 1923 pericula
1219 1883 1334 1922 saepe

222 1930 538 1970 Commemorare
571 1931 703 1969 iuvat.
742 1930 836 1981 quid
868 1931 972 1969 enim
1004 1929 1232 1981 loqueretur
1257 1928 1446 1980 Achilles,

222 1990 300 2028 Aut
331 1989 424 2041 quid
451 1988 553 2040 apud
578 2001 762 2041 magnum
792 1990 923 2040 potius
949 1988 1206 2039 loquerentur
1225 1985 1446 2026 Achillem?

221 2048 403 2087 Proxima
434 2049 645 2099 praecipue
677 2047 823 2086 domito
855 2048 1016 2086 victoria
1049 2046 1179 2098 Cygno

137 2114 201 2145 165
222 2106 266 2145 In
299 2118 480 2145 sermone
513 2107 614 2145 suit.
652 2107 779 2145 visum
810 2105 986 2145 mirabile
1019 2107 1196 2158 cunctis,

224 2164 336 2210 Quod
368 2166 500 2204 iuveni
532 2176 676 2216 corpus
708 2163 814 2204 nullo
846 2163 1087 2216 penetrabile
1118 2163 1196 2203 telo

226 2223 493 2274 invictumque
525 2235 546 2261 a
578 2223 739 2262 vulnere
771 2228 883 2274 erat,
915 2223 1143 2273 ferrumque
1175 2222 1327 2261 terebat

224 2279 305 2319 Hoc
337 2282 420 2332 ipse
453 2281 639 2320 Aeacides
658 2312 669 2333 ,
701 2281 775 2320 hoe
807 2279 1049 2320 mirabantur
1080 2280 1237 2319 Achivi.
