1554 2563
87 129 203 164 XLIV

86 240 218 279 codice
248 240 350 279 Med.
374 240 510 290 Verg.‚
541 240 582 278 in
612 239 658 290 L,
689 239 722 278 si
753 239 926 290 memini,
956 250 1002 277 ac
1032 239 1315 278 recentissimis
1347 239 1429 289 qui-

85 299 240 349 busvis,
278 300 320 337 et
355 299 396 336 in
433 298 648 348 scriptura,
692 299 821 348 qualis
857 298 1074 348 fragmenti
1106 297 1254 348 Guelf.,
1296 299 1431 336 rotun-

86 357 181 395 dum
211 357 310 395 illud
341 369 380 395 m
404 357 583 406 proxime
607 357 723 395 abest
747 369 771 395 a
795 369 844 405 qa,
965 353 1047 395 122
1079 356 1302 395 IMMEMOR
1333 364 1432 406 EST,

86 423 206 454 nnus
238 423 330 454 NEC
361 423 555 455 FRUGUM
586 424 778 455 MUNERE
810 423 996 454 munus.
1058 418 1112 454 est
1147 417 1297 454 demam
1326 415 1432 453 libri.

85 486 132 514 ea
168 475 385 524 particula,
430 475 464 513 si
500 474 617 513 modo
655 487 680 513 a
715 474 1034 524 ratiocinatione,
1078 486 1179 524 quae
1222 474 1432 524 antecedit,

85 546 249 583 prorsus
282 534 511 583 separatur,
549 533 680 572 locum
715 533 887 571 fortasse
918 534 1053 571 tamen
1082 532 1230 571 habere
1260 534 1432 583 poterat,

86 593 198 631 velut
238 593 279 630 in
322 592 610 642 meditationis,
660 603 760 641 quae
803 603 1019 641 suppressa
1058 591 1128 641 sit,
1171 591 1432 630 conclusione.

86 651 156 689 sed
192 651 399 689 cuiusnam
435 651 495 689 rei
530 652 786 689 immemorem
828 650 959 689 istunc
1001 650 1199 689 hominem
1241 650 1318 688 dici
1359 663 1431 700 pu·

85 708 287 748 tabimus?
336 710 443 748 certe
473 721 552 748 non
583 721 737 759 eorum,
781 720 881 758 quae
912 721 936 747 a
966 709 1068 748 bove
1100 708 1177 747 sibi
1208 709 1289 747 sint
1319 721 1432 758 prae·

86 769 194 819 stita,
224 780 314 806 cum
346 768 540 806 adiciatur
570 769 717 816 dempto
747 768 856 806 modo
881 780 923 816 p.
955 780 1013 813 a.‚·
1050 767 1184 815 credo,
1225 768 1432 818 bonorum,

86 839 186 877 quae
223 839 269 866 eo
310 826 464 876 opificio
504 826 581 865 sibi
618 826 850 876 obtigerint.
911 826 1048 876 quidni
1078 826 1204 875 igitur
1235 827 1433 865 immemor

84 887 242 934 frugum
272 887 444 924 muneris
475 888 515 923 et
544 886 727 934 indiynus
752 896 793 924 eo
822 896 978 924 munere
1007 884 1269 935 intellegatur
1293 885 1432 924 eodem

86 957 223 995 sensu,
267 957 344 994 quo
381 953 412 983 v
431 945 516 983 495
557 943 677 983 Ceres
719 943 978 992 Inqraiasque
1019 946 1128 982 vocat
1166 954 1235 983 nec
1275 945 1433 992 frugum

85 1014 240 1042 munere
271 1004 430 1051 dignam,-
462 1015 538 1052 quo
570 1003 611 1040 in
642 1015 803 1040 munere
835 1002 1026 1041 arationis
1058 1003 1099 1040 et
1123 1002 1236 1041 bovis
1261 1002 1432 1041 aratoris

86 1064 258 1112 quantae
290 1063 426 1111 partes
459 1062 550 1111 sint,
581 1062 713 1111 ipsum
739 1061 975 1111 Triptolemi
1005 1072 1148 1104 nomen
1173 1061 1431 1100 demonstrat.

85 1121 143 1159 ita
173 1121 291 1170 plane
324 1120 452 1158 Varro
483 1121 529 1158 R.
560 1133 591 1158 r.
616 1120 657 1158 II
684 1120 722 1170 5,
753 1119 813 1159 hic
842 1121 967 1159 socius
996 1119 1191 1158 hominum
1220 1121 1263 1158 in
1291 1121 1432 1159 rustico

85 1191 197 1228 opere
235 1183 269 1218 et
299 1178 450 1218 Cereris
484 1180 658 1218 minister
672 1199 725 1204 —-
741 1190 818 1226 Qua
848 1180 890 1217 in
925 1189 967 1217 re
1006 1179 1110 1217 iestis
1139 1177 1288 1228 Attica,
1331 1180 1433 1218 testis

84 1238 376 1287 Peloponnesus.
432 1237 473 1275 id
504 1250 581 1286 quo
618 1237 748 1286 magis
779 1238 978 1287 patescat,
1015 1235 1171 1275 Cereris
1202 1249 1346 1275 nomen
1374 1237 1432 1275 in-

86 1296 191 1347 duxi,
224 1296 416 1345 scriptum
447 1296 631 1335 fortassis
662 1297 776 1342 dci-cx
807 1296 991 1346 ignotum
1022 1307 1116 1334 sane
1148 1295 1432 1346 grammaticis,

86 1356 154 1405 qui
184 1355 313 1394 Didus
343 1356 444 1394 Inus
475 1355 640 1394 Mantus
669 1354 820 1393 fflatus
856 1354 1097 1393 mentionem
1133 1354 1300 1402 habent,
1333 1353 1432 1393 Cha-

85 1414 205 1452 risius
249 1414 418 1451 maxime
460 1427 526 1463 pp.
557 1415 610 1452 63
651 1414 705 1452 64
747 1414 827 1451 127
865 1415 959 1451 137.
1020 1413 1172 1451 Deoida
1214 1414 1349 1451 tamen
1391 1416 1433 1452 et

84 1473 250 1512 Deoi'am
279 1473 451 1521 usurpat
471 1472 649 1512 Ovidius.
686 1471 825 1510 dubito
857 1471 967 1521 adeo,
999 1483 1050 1509 an
1067 1472 1294 1511 Ruricolam
1317 1483 1431 1510 suum

84 1545 121 1571 v.
145 1533 226 1570 125
259 1531 339 1570 levi
369 1531 411 1569 in
436 1544 481 1570 eo
507 1530 740 1580 pronomine
763 1530 1042 1580 inconstantia,
1074 1542 1098 1568 a
1123 1542 1201 1579 qua
1225 1530 1325 1569 alias
1352 1542 1431 1569 non

86 1590 257 1638 alienus,
290 1589 440 1628 Cereris
471 1590 653 1639 intellegi
683 1589 873 1639 voluerit3
911 1601 1004 1627 nam
1034 1600 1172 1632 renov„
1205 1589 1351 1627 condid.
1383 1589 1431 1627 de

85 1649 197 1698 bove,
227 1660 308 1687 non
338 1648 387 1687 de
418 1648 574 1687 domino
601 1648 751 1686 dictum
781 1649 891 1697 puto.
1014 1644 1097 1686 126
1124 1647 1430 1686 CONDIDERAT

85 1715 270 1747 MESSES.
334 1707 405 1745 Tot
446 1708 620 1756 dederat,
662 1718 761 1745 corr.
806 1706 904 1755 Quot
945 1707 1027 1745 ded.
1063 1717 1202 1745 messes
1239 1706 1284 1744 Ε.
1338 1707 1432 1745 dare

86 1777 225 1805 messes
255 1766 395 1815 ignota
425 1766 524 1803 mihi
554 1765 718 1803 locutio:
750 1766 987 1813 frumen-tum
1017 1765 1183 1803 condunt
1212 1763 1348 1803 Cicero
1379 1764 1430 1803 N.

85 1825 121 1862 d.
148 1833 184 1863 11
210 1825 263 1863 63
301 1826 396 1863 157.
520 1821 601 1863 138
634 1824 735 1862 nihil
765 1823 912 1862 attinet
936 1835 1255 1873 commemorare,
1286 1823 1429 1872 quibus

85 1883 272 1932 periculis
306 1883 613 1931 substantivum,
650 1882 713 1921 cui
744 1882 934 1932 iungatur
964 1883 1079 1931 vesci,
1117 1884 1187 1919 aut
1217 1882 1430 1931 interpola-

85 1943 204 1981 tionis
237 1946 474 1991 argumenta
506 1941 782 1991 quaesiverim.
830 1953 867 1980 v.
890 1941 970 1978 142
1003 1942 1138 1978 tamen
1162 1941 1280 1978 notus
1306 1940 1431 1979 fuisse

84 2001 244 2039 videtur
268 2000 398 2038 Plinio
423 2000 474 2038 N.
493 2000 531 2038 h.
552 2008 636 2037 vm
659 2001 755 2038 180.
874 1996 959 2036 217
992 2006 1164 2037 MATRIS
1193 2006 1430 2037 CUBITAVI-

84 2067 176 2098 MUS
213 2067 352 2098 ALvo.
411 2060 548 2097 macris
583 2059 839 2096 habitavimus
869 2057 915 2095 Ε.
971 2060 1146 2096 materna
1175 2057 1430 2096 habitavimus

83 2118 268 2156 meliores
300 2116 466 2155 Heinsii.
599 2114 683 2154 271
716 2124 777 2154 ΕΤ
809 2123 902 2154 Aur
934 2123 1030 2154 1M1s
1063 2123 1291 2155 common
1322 2123 1430 2154 TRE-

83 2183 287 2215 MORIBUS
321 2183 466 2215 ORBIS.
517 2178 551 2214 et
581 2175 750 2223 antiquis
775 2178 854 2212 tam
877 2175 999 2213 multa
1024 2175 1250 2214 tremor-ibus
1273 2174 1320 2214 E.
1363 2185 1430 2213 an-

84 2236 179 2282 tiqui
209 2238 232 2273 t.
263 2246 312 2273 m.
349 2246 451 2272 unus
484 2233 655 2283 Heinsii,
692 2233 795 2270 unde
826 2233 868 2270 in
903 2232 1110 2282 proecdosi
1140 2232 1327 2271 dederam
1363 2235 1431 2271 aut

84 2295 152 2332 imi
182 2304 312 2332 comm.
462 2289 545 2330 311
580 2299 876 2331 ATHAMANAS.
926 2291 1159 2330 athamantis
1189 2291 1295 2341 libri,
1325 2291 1430 2329 unde

86 2351 238 2390 facilius
276 2350 432 2390 elicitur
470 2350 573 2400 quod
611 2350 719 2402 defi,
759 2362 877 2400 quam
915 2349 1020 2399 quod
1050 2361 1139 2388 cum
1171 2349 1268 2388 Tan.
1299 2349 1430 2388 Fabro
