1554 2563
580 100 631 135 XI
645 128 654 140 .
681 103 866 136 641—713
881 127 889 134 .
1028 112 1183 136 Ancvotm
1322 99 1407 141 235

182 211 284 250 Voce
316 223 386 251 sua
417 211 628 263 specieque
658 211 732 250 viri
763 209 919 250 turbata
953 222 1136 262 soporem

181 270 369 310 Excutit:
400 275 440 309 et
469 270 596 321 primo
615 301 627 322 ,
659 269 692 308 si
724 270 803 322 sit,
835 270 1105 321 circumspicit
1134 269 1237 322 illic,

183 329 258 375 Qui
289 328 404 367 modo
436 329 544 367 visus
576 332 688 367 erat.
726 339 817 367 nam
847 329 944 367 moti
975 340 1068 367 voce
1102 328 1272 367 ministri

93 395 162 427 680
183 387 400 427 Intulerant
430 387 592 426 lumen.
630 391 839 438 postquam
870 398 949 426 non
980 387 1129 426 invenit
1160 398 1348 438 usquam,

183 447 362 485 Percutit
392 457 461 485 ora
492 457 609 485 manu
627 476 639 497 ,
670 445 865 497 laniatque
898 457 919 484 a
949 450 1111 497 pectore
1142 450 1296 498 vestes,

183 505 425 556 Pectoraque
457 505 542 556 ipsa
572 505 692 543 ferit.
731 516 804 543 nec
836 505 966 543 crines
999 503 1150 543 solvere
1182 509 1316 555 curat3

184 563 364 616 scindit,
397 569 436 602 et
466 563 622 615 altrici,
655 575 754 614 quae
785 563 915 602 luctus
948 574 1094 616 causa,
1124 563 1280 614 roganti

183 619 311 662 ‘Nulla
343 627 403 661 est
433 621 603 673 Alcyone
622 653 633 673 ,
665 621 770 661 nulla
802 628 862 661 est
881 618 906 661 ξ’
939 624 992 660 ait
1023 618 1184 660 ‘occidit
1213 633 1290 660 una

93 688 161 721 685
183 681 281 720 Cum
313 680 437 732 Ceyce
470 693 571 720 suo.
610 680 775 720 solantia
806 680 929 720 tollite
960 679 1107 719 verba!

180 740 401 791 Naufragus
431 740 610 778 interiit.
648 739 727 778 vidi
758 741 974 791 agnovique
993 771 1004 791 ,
1036 751 1254 790 manusque

181 798 239 837 Ad
271 798 539 838 discedentem
557 830 568 850 ,
601 800 764 850 cupiens
795 800 997 851 retinere,
1029 797 1202 837 tetendi.

181 856 326 897 Umbra
358 857 459 896 suit.
499 857 568 896 sed
600 862 639 896 et
671 856 809 896 umbra
840 862 971 896 tamen
1002 857 1209 895 manifesta
1239 856 1390 906 virique

182 916 281 955 Vera
311 917 417 955 mei.
455 928 534 954 non
565 915 629 955 ille
663 915 820 967 quidem
839 947 851 968 ,
881 917 915 954 si
946 916 1102 967 quaeris
1120 946 1132 967 ,
1164 913 1331 953 habebat

94 983 162 1015 690
182 975 376 1014 Adsuetos
407 974 538 1014 vultus
556 1006 568 1028 ,
599 986 673 1013 nec
704 986 780 1026 quo
812 976 923 1026 prius
942 1005 953 1026 ‚
984 986 1053 1012 ore
1084 973 1255 1012 nitebat.

182 1034 396 1073 Pallentem
428 1033 656 1084 nudumque
690 1039 729 1072 et
760 1033 886 1072 adhuc
917 1037 1077 1071 umente
1110 1031 1246 1083 capillo

182 1092 320 1132 Infelix
350 1091 457 1131 vidi.
496 1093 605 1131 stetit
635 1092 710 1130 hoc
742 1090 974 1135 miserabilis
1005 1092 1091 1142 ipso

182 1151 284 1190 Ecce
316 1147 418 1190 loco'
451 1172 506 1178 —
540 1156 579 1190 et
611 1151 788 1202 quaerit,
819 1151 982 1201 vestigia
1013 1151 1125 1200 siqua
1157 1150 1378 1201 supersint.

184 1207 282 1249 ‘Hoc
313 1216 426 1262 erat,
458 1209 532 1248 hoc
552 1241 562 1261 ‚
594 1210 721 1248 animo
755 1208 859 1260 quod
891 1209 1087 1247 divinante
1120 1207 1328 1259 timebam,

95 1276 162 1308 695
183 1268 231 1307 Et
262 1281 342 1321 ne,
373 1280 435 1307 me
467 1269 651 1321 fugiens,
682 1273 819 1306 ventos
851 1279 1094 1320 sequerere,
1125 1266 1332 1318 rogabam.

183 1329 231 1366 At
262 1333 370 1366 certe
401 1326 540 1366 vellem
559 1359 570 1379 ,
602 1328 787 1378 quoniam
817 1327 1021 1377 periturus
1053 1325 1210 1377 abibas,

183 1386 243 1425 Me
275 1397 431 1437 quoque
464 1385 672 1424 duxisses.
710 1385 878 1424 multum
909 1385 984 1423 fuit
1015 1384 1110 1423 utile
1142 1389 1275 1424 tecum

184 1445 244 1483 11e
275 1445 399 1483 mihi.
438 1456 567 1510 neque
599 1445 703 1482 enim
735 1443 782 1482 de
814 1444 914 1482 vitae
946 1448 1123 1494 tempore
1157 1443 1365 1494 quicquam

184 1503 270 1542 Non
301 1502 418 1542 simul
449 1504 646 1554 egissem,
678 1513 751 1540 nec
783 1513 889 1540 mors
921 1501 1092 1540 discreta
1122 1501 1286 1540 fuisset.

97 1570 164 1602 '100
184 1562 297 1601 Nunc
329 1561 470 1601 absens
501 1562 631 1613 perii,
662 1562 786 1599 iactor
818 1571 974 1611 quoque
1005 1558 1192 1599 fluctibus
1223 1559 1387 1611 absens,

184 1620 234 1660 Et
265 1622 349 1659 sine
381 1626 420 1659 te
452 1632 514 1659 me
546 1626 691 1671 pontus
722 1618 867 1658 habet.
907 1618 1104 1658 crudelior
1135 1619 1221 1669 ipso

186 1678 245 1718 Sit
276 1679 371 1718 mihi
402 1690 513 1718 mens
544 1677 681 1730 pelago
700 1709 711 1731 ,
744 1679 777 1716 si
807 1678 925 1716 vitam
956 1676 1102 1716 ducere
1133 1678 1237 1715 nitar

184 1737 357 1789 Longius
376 1770 387 1790 ,
419 1743 459 1776 et
490 1743 597 1776 tanto
629 1748 801 1788 pugnem
832 1748 1041 1788 superesse
1073 1735 1221 1774 dolori.

187 1796 263 1835 Sed
295 1808 424 1847 neque
453 1795 663 1848 pugnabo,
694 1807 768 1833 nec
800 1800 861 1847 te,
892 1794 1138 1846 miserande,
1169 1794 1411 1846 relinquam3

98 1863 165 1895 705
185 1854 234 1894 Et
265 1855 336 1894 tibi
367 1867 473 1894 nunc
504 1854 641 1893 saltem
672 1854 825 1892 veniam
853 1865 1015 1893 comes.
1050 1854 1169 1904 inque
1202 1852 1411 1904 sepulchro

187 1913 228 1953 Si
259 1926 338 1953 non
369 1925 497 1967 urna,
528 1919 660 1952 tamen
690 1914 826 1963 iunget
856 1923 929 1950 nos
958 1911 1118 1950 littera:
1150 1912 1184 1950 si
1215 1923 1294 1950 non

186 1971 350 2012 Ossibus
382 1984 470 2011 ossa
500 1973 628 2024 meis,
660 1976 699 2010 at
728 1982 872 2009 nomen
904 1971 1061 2009 nomine
1093 1966 1287 2020 tangam?

184 2030 302 2070 Plura
334 2030 444 2070 dolor
475 2030 687 2082 prohibet,
717 2028 916 2080 verboque
948 2029 1160 2068 intervenit
1190 2029 1298 2066 omni

184 2089 352 2141 Plangor
370 2121 382 2142 ,
413 2095 453 2128 et
484 2090 647 2128 attonito
679 2088 847 2139 gemitus
879 2099 900 2126 e
934 2086 1052 2126 corde
1083 2085 1316 2125 trahuntur.

100 2155 166 2188 710
186 2147 298 2187 Mane
330 2153 442 2187 erat.
481 2147 682 2199 egreditur
713 2147 828 2185 tectis
860 2145 907 2184 ad
937 2145 1031 2185 litus
1049 2176 1061 2197 ,
1092 2150 1133 2184 et
1161 2144 1272 2183 illum

186 2206 332 2246 Maesta
362 2206 493 2245 locum
523 2207 697 2257 repetit,
729 2204 777 2243 de
810 2216 887 2255 quo
920 2209 1115 2255 spectarat
1147 2209 1329 2242 euntem.

189 2264 386 2316 [Dumque
414 2270 590 2303 moratur
616 2263 693 2315 ihi,
725 2262 897 2314 dumque
931 2259 1010 2301 ‘hic
1035 2261 1250 2301 retinacula
1276 2261 1411 2314 solvit,

187 2323 270 2362 Hoc
302 2323 396 2362 mihi
428 2322 635 2362 discedens
667 2321 775 2360 dedit
806 2320 939 2360 oscula
969 2318 1100 2360 litore'
1132 2319 1229 2360 dixit
1240 2318 1270 2372 ,]
