1554 2563
86 102 142 145 30
297 113 482 137 mnemon
638 98 853 134 METAMM
867 125 876 135 .

204 212 408 251 Presserat
439 222 506 249 ora
538 221 657 261 vapor
682 231 739 236 —-
771 205 912 248 ‘tostos
943 219 993 246 en
1025 209 1155 260 aspice
1187 209 1344 261 crines,

205 271 328 322 lnque
359 268 485 308 oculis
517 273 669 307 tantum
688 299 699 320 ‚
731 272 882 306 tantum
915 279 1035 318 super
1067 278 1135 306 ora
1166 267 1340 306 favillae.

118 338 183 369 285
205 329 335 368 Hosne
368 328 464 366 mihi
495 327 678 379 fructus,
710 326 816 365 hunc
848 325 1061 364 fertilitatis
1093 325 1282 365 honorem

205 388 411 439 Officiique
443 386 600 434 refers,
632 385 736 436 quod
769 385 910 423 adunci
941 384 1103 423 vulnera
1134 386 1253 423 aratri

205 447 517 496 Rastrorumque
548 444 633 483 fero
665 448 827 494 totoque
860 454 1048 482 exerceor
1080 454 1205 495 anno,

205 505 318 552 Quod
349 504 484 557 pecori
516 502 676 542 frondes
708 502 969 553 alimentaque
1002 502 1110 540 mitia
1129 533 1140 554 ‚
1171 502 1305 553 fruges

204 565 386 604 Humano
418 563 583 615 generi,
614 560 725 600 vobis
757 573 915 612 quoque
948 565 1035 599 tura
1067 558 1284 599 ministro?

118 633 184 663 290
206 623 282 663 Sed
315 628 444 662 tamen
476 622 640 660 exitium
671 620 731 659 fac
762 632 825 659 me
857 620 1080 672 meruisse,
1112 619 1205 670 quid
1238 619 1394 672 undae*

206 681 309 728 Quid
340 682 486 720 meruit
517 681 638 719 frater
658 676 680 718 P
712 691 784 718 cur
803 678 859 717 illi
890 677 1032 717 tradita
1065 683 1171 717 sorte

206 742 387 792 Aequora
418 739 656 778 decrescunt
688 743 727 777 et
758 737 804 776 ab
837 736 996 776 aethere
1027 735 1182 788 longius
1209 734 1387 776 absunt?

206 799 355 846 Quodsi
386 810 459 838 nec
491 798 653 849 fratris,
684 808 758 835 nec
790 802 828 834 te
860 807 945 834 mea
976 796 1099 846 gratia
1119 797 1266 849 tangit,

205 859 254 898 At
285 857 381 897 caeli
412 858 600 896 miserere
633 856 719 895 tui.
758 855 1018 906 circumspice
1049 859 1285 907 utrumque,

119 925 184 957 295
206 917 345 957 Fumat
376 922 546 967 uterque
578 914 720 967 polus,
761 925 858 965 quos
891 914 924 952 si
956 913 1150 952 vitiaverit
1173 914 1295 966 ignis,

206 977 312 1016 Atria
344 980 474 1014 vestra
505 979 651 1013 ruent.
689 972 795 1012 Atlas
827 984 877 1011 en
908 973 993 1024 ipse
1023 971 1196 1024 laborat,

204 1034 353 1086 Vixque
386 1035 467 1073 suis
498 1033 646 1072 umeris
679 1031 911 1070 candentem
942 1031 1112 1070 sustinet
1142 1042 1275 1069 axem.

207 1093 249 1133 Si
279 1094 408 1146 freta,
434 1094 467 1131 si
499 1097 628 1131 terrae
659 1095 857 1142 pereunt,
889 1091 922 1128 si
954 1090 1061 1140 regia
1093 1089 1212 1142 caeli,

208 1152 249 1191 ln
282 1152 399 1191 chaos
431 1151 636 1202 antiquum
669 1148 975 1188 confundimur.
1015 1149 1122 1199 eripe
1154 1148 1319 1187 ssammis

119 1220 187 1252 300
209 1210 345 1262 Siquid
378 1210 504 1249 adhuc
537 1214 747 1260 superest,
779 1213 819 1247 et
849 1219 984 1247 rerum
1023 1205 1184 1245 consule
1217 1218 1392 1246 summae
1407 1203 1435 1246 .’

207 1269 364 1309 Dixerat
394 1269 490 1308 haec
521 1267 683 1307 Tellus:
715 1278 843 1317 neque
876 1267 981 1305 enim
1012 1264 1180 1304 tolerare
1212 1277 1396 1317 vaporem

207 1327 381 1368 Ulterius
413 1328 542 1379 potuit
572 1338 646 1365 nec
677 1325 809 1364 dicere
841 1324 952 1376 plura
971 1356 983 1376 ‚
1015 1336 1209 1375 suumque

207 1386 372 1426 Rettulit
402 1399 446 1425 os
477 1387 518 1425 in
550 1397 592 1424 se
623 1385 885 1437 propioraque
917 1382 1097 1422 manibus
1128 1388 1260 1422 antra.

207 1447 255 1485 At
285 1451 395 1497 pater
427 1445 674 1496 omnipotens
693 1475 705 1496 ‚
736 1454 901 1494 superos
932 1446 1099 1481 testatus
1131 1447 1171 1480 et
1201 1443 1355 1494 ipsum,

119 1512 186 1545 305
208 1504 284 1551 Qui
316 1504 477 1543 dederat
508 1514 650 1542 currus
669 1533 680 1555 ‚
711 1502 787 1540 nisi
819 1513 933 1553 opem
964 1501 1093 1552 ferat,
1124 1501 1253 1538 omnia
1285 1500 1363 1539 fato

208 1563 419 1602 interitura
452 1563 591 1614 gravi,
623 1572 814 1600 summam
845 1561 945 1611 petit
975 1559 1121 1598 arduus
1153 1570 1308 1611 arcem,

208 1621 319 1661 Unde
352 1621 452 1660 solet
482 1621 569 1660 latis
601 1618 726 1659 nubes
757 1618 946 1658 inducere
976 1619 1118 1669 terris,

208 1680 319 1720 Unde
351 1685 481 1718 movet
511 1680 681 1719 tonitrus
712 1677 939 1728 vibrataque
972 1676 1131 1715 fulmina
1162 1677 1300 1715 iactat.

210 1739 286 1778 Sed
319 1750 446 1789 neque
480 1750 576 1789 quas
607 1742 741 1789 posset
772 1738 889 1775 terris
921 1735 1109 1774 inducere
1128 1765 1139 1787 ,
1170 1734 1296 1773 nubes

122 1807 188 1837 310
209 1797 322 1837 Tunc
353 1796 490 1836 habuit
520 1809 593 1835 nec
626 1808 724 1847 quos
756 1795 862 1834 caelo
889 1794 1134 1845 dimitteret,
1166 1792 1336 1833 imbres.

209 1856 363 1895 Intonat
395 1861 435 1895 et
465 1854 601 1894 dextra
632 1854 816 1893 libratum
848 1852 995 1891 fulmen
1027 1851 1074 1890 ab
1107 1863 1201 1890 aure

210 1915 315 1953 Misit
345 1916 385 1953 in
418 1915 592 1965 aurigam
623 1914 849 1965 pariterque
881 1912 1087 1961 animaque
1118 1911 1295 1961 rotisque

210 1972 397 2025 Expulit,
428 1978 468 2012 et
499 1973 623 2012 saevis
655 1971 898 2022 compescuit
927 1968 1083 2020 ignibus
1115 1969 1247 2019 ignes.

211 2032 524 2071 Consternantur
556 2032 647 2082 equi
679 2036 718 2068 et
749 2029 848 2068 saltu
880 2030 921 2067 in
954 2028 1149 2066 contraria
1181 2027 1282 2065 facto

122 2099 188 2130 315
211 2090 315 2129 Colla
346 2092 437 2142 iugo
469 2091 644 2142 eripiunt
675 2088 917 2139 abruptaque
949 2086 1031 2124 lora
1062 2085 1312 2136 relinquunt.

210 2149 291 2188 Illic
323 2149 433 2188 frena
465 2150 622 2200 iacent,
653 2147 733 2186 illic
764 2152 920 2185 temone
952 2143 1132 2183 revulsus

210 2207 300 2246 Axis
319 2238 331 2260 ,
360 2209 401 2246 in
432 2207 505 2246 hac
536 2206 634 2246 radii
666 2206 878 2244 fractarum
908 2208 1018 2255 parte
1050 2209 1250 2255 rotarum,

212 2265 432 2317 Sparsaque
465 2270 557 2305 sunt
587 2264 663 2303 late
695 2263 813 2302 laceri
843 2262 1005 2312 vestigia
1036 2272 1201 2300 currus.

210 2325 260 2363 At
289 2323 521 2375 Phaethon,
553 2322 694 2363 rutilos
724 2322 877 2361 flamma
908 2319 1119 2372 populante
1152 2317 1334 2371 capillos,
