1554 2563
623 84 655 119 V
673 111 682 128 ,
707 88 893 121 356-429
909 111 917 120 .
1097 98 1206 120 cyme
1382 84 1438 126 99

218 193 395 246 Dumque
428 194 592 247 puellari
624 193 753 234 studio
786 194 1034 246 calathosque
1067 196 1274 246 sinumque

218 252 384 305 Implet,
416 259 456 292 et
480 253 662 304 aequales
694 258 819 292 certat
849 265 1036 305 superare
1069 253 1257 306 legendo,

129 319 196 349 395
217 310 345 350 Paene
377 311 492 351 simul
524 313 603 351 visa
635 317 695 350 est
726 311 944 363 dilectaque
971 318 1159 364 raptaque
1191 311 1291 351 Diti:

216 369 347 421 Usque
379 369 475 408 adeo
507 376 568 409 est
597 376 830 421 properatus
863 382 998 409 amor.
1037 371 1107 409 dea
1133 372 1271 410 territa
1290 376 1437 409 maesto

216 427 266 466 Et
296 434 460 467 matrem
492 434 532 467 et
562 429 755 480 comites,
787 429 855 467 sed
888 435 1052 468 matrem
1084 431 1269 481 saepius,
1301 440 1369 467 ore

218 486 392 538 Clamat;
424 492 464 525 et
494 492 539 525 ut
569 498 718 526 summa
750 493 898 526 vestem
929 487 1092 526 laniarat
1122 487 1168 526 ab
1201 499 1292 540 ora,

217 544 378 584 Collecti
410 545 526 583 flores
553 547 696 584 tunicis
729 545 906 584 cecidere
940 547 1137 585 remissis.
1192 566 1195 568 -

131 611 196 643 400
216 603 417 654 Tantaque
450 603 677 655 simplicitas
708 604 926 654 puerilibus
958 605 1066 643 affuit
1097 606 1232 655 annis,

216 661 320 701 Haec
352 673 508 713 quoque
541 663 759 713 virgineum
790 664 910 701 movit
940 664 1089 701 iactura
1123 662 1319 701 dolorem.

217 720 363 771 Raptor
395 721 473 771 agit
504 732 645 760 currus
664 752 675 772 ,
707 727 746 760 et
777 723 934 760 nomine
967 733 1162 772 quemque
1194 726 1349 760 vocatos

218 777 456 818 Exhortatur
488 791 610 830 equos
635 811 646 831 ,
679 791 846 830 quorum
877 792 948 831 per
981 780 1076 818 colla
1108 779 1296 830 iubasque

216 836 374 876 Excutit
405 836 572 876 obscura
605 839 746 876 tinctas
779 839 977 888 ferrugine
1009 838 1203 890 habenas3

129 903 195 935 405
222 895 376 947 Perque
408 895 516 934 lacus
547 908 680 935 sacros
711 903 751 935 et
782 896 923 935 olentia
956 896 1117 948 sulpure
1149 897 1274 935 fertur

217 954 358 1006 Stagna
390 953 639 1007 Palicorum,
671 961 784 1006 rupta
817 955 1005 994 ferventia
1037 961 1168 1007 terra,

218 1012 266 1051 Et
298 1025 372 1064 qua
404 1012 670 1065 Bacchiadae,
702 1012 840 1052 bimari
866 1025 962 1064 gens
994 1019 1078 1052 orta
1111 1012 1321 1065 Corintho,

218 1071 322 1110 lnter
353 1071 575 1122 inaequales
607 1078 826 1123 posuerunt
857 1073 1009 1110 moenia
1040 1077 1202 1123 portus.

276 1129 346 1168 Est
376 1129 549 1169 medium
581 1129 730 1181 Cyanes
761 1135 801 1169 et
825 1129 983 1169 Pisaeae
1015 1130 1256 1181 Arethusae,

128 1196 196 1227 410
217 1188 328 1234 Quod
361 1189 440 1227 coit
470 1190 645 1239 angustis
676 1188 871 1228 inclusum
903 1188 1090 1228 cornibus
1121 1200 1290 1240 aequor.

215 1246 287 1286 Hic
319 1247 392 1285 suit
409 1277 420 1299 ,
452 1258 473 1285 a
498 1248 610 1286 cuius
631 1253 811 1298 stagnum
831 1259 987 1298 quoque
1008 1248 1164 1286 nomine
1186 1247 1334 1286 dictum
1357 1253 1440 1300 est,

218 1304 322 1344 lnter
356 1304 542 1344 Sicelidas
575 1305 702 1356 Cyane
734 1305 988 1344 celeberrima
1020 1306 1231 1357 nymphas.

216 1363 377 1415 Gurgite
410 1375 509 1414 quae
542 1363 668 1402 medio
701 1376 851 1404 summa
883 1371 998 1403 tenus
1031 1366 1160 1403 extitit
1190 1364 1297 1416 alvo,

215 1423 457 1473 Agnovitque
490 1422 603 1461 deam
622 1453 630 1461 .
674 1419 793 1461 “‘nec
826 1423 980 1473 longius
1012 1422 1117 1461 ibitis
1137 1419 1162 1461 Ρ
1193 1423 1321 1473 inquit

128 1488 195 1519 415
218 1477 318 1519 ‘Non
350 1486 462 1531 potes
494 1482 636 1519 invitae
669 1480 824 1519 Cereris
857 1493 977 1532 gener
1009 1493 1125 1520 esse:
1156 1480 1350 1532 roganda,

216 1538 301 1578 Non
333 1538 518 1590 rapienda
551 1539 650 1578 fuit.
690 1539 829 1589 quodsi
862 1551 1097 1590 componere
1130 1539 1280 1590 magnis

217 1597 339 1636 Parva
371 1597 465 1636 mihi
491 1597 548 1635 sas
580 1603 669 1648 est,
700 1603 740 1636 et
771 1610 830 1636 me
863 1597 998 1636 dilexit
1030 1598 1196 1649 Anapis3

219 1655 383 1695 Exorata
417 1661 544 1694 tamen
564 1687 575 1706 ,
607 1667 679 1694 nec
699 1687 709 1707 ,
741 1662 784 1694 ut
815 1655 909 1694 haec
927 1687 939 1708 ,
972 1657 1160 1695 exterrita
1190 1652 1378 1707 nupsi.’²'

218 1714 348 1766 Dixit,
379 1720 418 1753 et
448 1716 489 1753 in
520 1720 652 1765 partes
684 1713 856 1752 diversas
883 1713 1063 1753 bracchia
1095 1713 1261 1753 tendens

129 1780 197 1812 420
218 1772 406 1812 Obstitit.
439 1772 540 1811 haud
573 1772 675 1811 ultra
708 1774 834 1811 tenuit
866 1772 1074 1811 Saturnius
1106 1774 1226 1824 iram,

216 1830 509 1882 Terribilesque
541 1831 719 1869 hortatus
752 1842 873 1881 equos
905 1832 945 1870 in
977 1832 1142 1882 gurgitis
1174 1832 1250 1869 ima

217 1889 448 1929 Contortum
479 1888 603 1928 valido
635 1895 836 1940 sceptrum
868 1889 996 1940 regale
1027 1888 1172 1927 lacerto

217 1947 425 1988 Condidit.
463 1948 539 1987 icta
569 1949 668 1987 viam
700 1947 814 1986 tellus
845 1949 885 1986 in
917 1947 1079 1986 Tartara
1111 1948 1202 1986 fecit

216 2006 265 2045 Et
296 2018 441 2058 pronos
473 2018 614 2045 currus
639 2005 767 2045 medio
801 2011 951 2044 cratere
985 2007 1156 2056 recepit.

131 2072 195 2104 125
216 2067 264 2104 At
290 2065 415 2116 Cyane
447 2071 676 2116 raptamque
708 2064 819 2103 deam
851 2070 1151 2115 contemptaque
1184 2063 1303 2102 fontis

217 2123 306 2162 Iura
338 2125 399 2162 sui
432 2135 639 2176 maerens,
670 2121 948 2162 inconsolabile
980 2121 1121 2160 vulnus
1308 2130 1333 2155 t.
1354 2129 1438 2157 rvffi.

216 2181 344 2221 Mente
377 2182 479 2232 gerit
510 2183 624 2220 tacita
643 2212 655 2233 ,
687 2180 934 2231 lacrimisque
967 2180 1186 2219 absumitur
1217 2181 1368 2219 omnis:

218 2238 267 2278 Et
298 2251 464 2291 quarum
498 2240 624 2278 fuerat
655 2251 838 2290 magnum
870 2238 985 2277 modo
1019 2250 1163 2277 numen
1182 2269 1193 2290 ‚
1223 2240 1264 2277 in
1295 2238 1379 2276 illas

217 2296 460 2337 Extenuatur
492 2310 638 2348 aquas.
679 2297 820 2336 molliri
853 2296 1026 2335 membra
1056 2297 1232 2349 videres,

1109 2362 1155 2396 7*
