1554 2563
103 116 257 152 XXVIII

103 227 142 265 in
180 240 227 266 ea
268 228 356 267 loca
391 227 562 266 conferri
597 227 773 278 videtur,
817 228 959 278 quibus
1002 228 1275 267 circumlatam
1316 228 1441 268 fuisse

101 288 243 335 poetae
275 298 371 325 aevo
404 286 583 325 videmus
615 286 656 324 in
686 286 774 324 Act.
794 287 921 336 apost.
942 295 1022 325 XIV
1046 289 1111 325 11.
1160 287 1301 325 Diniae
1333 287 1440 336 oppi-

102 344 196 382 dum
228 347 558 382 commemoratur
584 344 690 394 apud
714 345 872 383 Livium
902 345 944 383 in
974 345 1117 383 itinere
1149 357 1173 383 a
1205 345 1273 383 Cn.
1293 345 1441 383 Manlio

103 403 262 441 consule
288 416 309 441 e
336 403 574 452 Pamphylia
600 405 640 441 et
665 403 816 442 Pisidia
842 403 882 442 in
909 403 1108 442 Galatiam
1133 403 1295 454 directo,
1321 415 1441 453 quan-

103 464 189 500 tum
226 461 400 511 videtur,
442 461 548 499 haud
585 462 723 510 procul
760 474 784 500 a
815 462 1033 501 confinibus
1065 462 1259 512 Isauriae,
1299 462 1442 511 quibus

103 519 284 558 adiacent
323 520 471 570 Lystra
508 531 553 558 ac
583 520 726 558 Derbe.
778 521 847 558 sed
885 523 1019 559 tamen
1057 520 1240 569 displicet
1269 520 1345 559 loci
1376 520 1442 559 ob-

104 579 208 617 scuri
245 579 287 615 in
324 591 366 617 re
405 579 496 617 exili
532 579 679 617 mentio
718 581 759 617 et
795 579 946 617 incerta
983 579 1152 618 nominis
1184 578 1371 628 prosodia
1402 580 1443 617 et

103 637 207 686 quod
233 637 379 676 locutio
407 637 505 687 ipsa,
537 637 614 675 nisi
639 637 769 687 fallor,
795 638 925 687 magis
952 637 1002 675 ad
1027 637 1201 687 regionis
1225 637 1442 688 amplioris,

102 708 180 734 non
218 696 333 734 unius
366 696 545 744 oppiduli
582 696 771 733 indicium
802 696 960 734 videtur
999 696 1304 736 accommodata.
1353 708 1442 745 pro-

103 754 306 803 baremus,
345 754 499 804 opinor,
537 755 711 792 notabile
744 755 904 803 aliquod
935 766 1078 793 nomen
1108 755 1284 803 positum
1315 754 1441 804 regio-

103 825 197 850 num
230 825 378 856 earum,
411 813 553 862 quibus
586 815 801 851 conventus
835 814 874 851 et
905 813 992 851 fora
1023 815 1208 863 agentem
1228 813 1442 851 Aemilium

103 871 281 909 Macrum
319 871 501 910 comitari
538 872 670 920 potuit
709 871 890 921 Ovidius3
928 871 1091 910 Trist.1
1119 873 1223 920 834,
1261 871 1374 910 Pont.
1408 880 1442 910 11

106 932 159 968 10
193 931 260 968 21.
310 931 592 968 enumerantur
623 929 664 967 hi
696 932 912 968 conventus
945 930 1050 979 apud
1082 928 1311 968 Ciceronem
1341 930 1442 979 Epp.

103 988 153 1026 ad
185 988 271 1026 Att.
297 996 327 1027 V
349 990 400 1026 21
438 990 460 1026 9
501 990 541 1026 et
578 988 751 1026 Plinium
781 988 830 1026 N.
857 989 895 1027 h.
927 997 956 1027 V
980 989 1060 1027 105
1094 989 1145 1026 ad
1179 990 1279 1039 120,
1323 1001 1442 1038 quan·

103 1049 189 1085 tum
214 1048 290 1085 huc
317 1046 529 1095 pertinent.
579 1047 684 1096 quod
715 1046 819 1085 enim
850 1047 995 1085 dicitur
1025 1047 1104 1085 illic
1134 1060 1169 1086 v.
1192 1049 1288 1097 719,
1319 1048 1441 1096 res-pi-

103 1105 157 1143 cit
188 1106 237 1143 ad
269 1106 380 1144 eolles
404 1105 589 1153 Pleryyios
621 1107 662 1143 et
691 1105 868 1153 Pelopeia
899 1118 996 1144 arva
1030 1107 1109 1144 621
1147 1107 1247 1155 6223
1286 1105 1442 1155 Pelops,

104 1164 171 1213 qui
196 1164 332 1213 Phryx
364 1165 426 1202 est
457 1164 578 1202 etiam
610 1163 795 1213 Sophocli
826 1165 867 1202 et
891 1163 1107 1214 Herodoto,
1140 1164 1275 1214 Sipylo
1307 1166 1442 1203 tamen

103 1223 356 1271 potissimum
387 1222 436 1260 ab
468 1222 527 1260 Ilo
559 1222 722 1272 Phryge
762 1222 992 1272 expellitur,
1031 1222 1146 1260 Paus.
1174 1231 1208 1260 11
1230 1224 1281 1260 22
1311 1223 1355 1261 3:
1394 1223 1442 1261 de

103 1279 302 1321 anteriore
334 1280 537 1331 Phrygiae
569 1283 683 1330 parte
715 1281 969 1330 cogitandum
1001 1281 1094 1331 erit,
1133 1293 1252 1331 quam
1284 1281 1440 1330 quidem

103 1353 226 1389 prope
275 1341 403 1378 totam
452 1351 552 1377 unus
599 1341 816 1378 conventus
861 1338 1112 1389 Cibyraticus
1156 1340 1441 1388 complectitur.

106 1396 258 1447 Κιβύρα
289 1394 412 1436 πόλις
445 1395 551 1445 πρὸ(
582 1393 711 1436 νότον
745 1394 1003 1446 Μαιάνδρου,
1045 1394 1221 1446 Κιβύρας
1252 1394 1441 1446 ἀδελφὸς

105 1454 318 1506 Μαρεύου,
347 1456 453 1505 apud
478 1456 766 1494 Herodianum:
798 1457 938 1506 Polyb.
960 1465 1061 1494 XXII
1079 1459 1143 1506 17,
1170 1456 1312 1495 Strabo
1339 1457 1441 1496 libro

105 1524 190 1553 xm
223 1517 320 1554 extr.
369 1514 597 1564 prosodiam
627 1515 749 1553 habet
772 1515 964 1553 Horatius
992 1515 1063 1564 Ep.
1083 1523 1099 1553 1
1122 1516 1144 1553 6
1175 1516 1241 1554 33.
1290 1515 1441 1554 littera·

105 1575 218 1612 turae
249 1573 542 1623 merovingicae
579 1573 617 1610 th
653 1573 751 1612 satis
783 1573 911 1611 simile
943 1575 1004 1612 est
1036 1573 1214 1623 syllabae
1246 1574 1302 1612 cib
1334 1585 1441 1613 caro-

103 1632 284 1682 lingicae.
417 1628 500 1671 829
546 1638 842 1679 INMENSAQUE
888 1639 1096 1671 wsennn.
1156 1633 1308 1671 uiscera
1349 1632 1442 1670 libri

104 1703 251 1741 omnes,
284 1691 368 1729 sine
400 1702 528 1729 sensu.
590 1691 749 1729 restitui
780 1690 1143 1740 frequentissimam
1173 1691 1442 1739 transpositae

104 1750 268 1798 copulae
294 1749 476 1799 figuram.
616 1748 871 1788 Coniecturas
893 1749 992 1788 alias
1011 1750 1172 1798 praeter
1190 1748 1441 1799 Heinsianas,

104 1807 168 1847 vix
199 1808 298 1848 satis
331 1809 472 1857 certas,
505 1809 589 1846 724
625 1809 709 1846 750
741 1807 863 1856 recipi
893 1819 973 1846 non
1002 1807 1174 1845 memini.
1213 1819 1260 1845 ex
1290 1807 1323 1845 Ε
1351 1807 1441 1847 dedi

103 1867 241 1906 vv„49
293 1865 347 1906 59
400 1867 455 1905 60
494 1865 545 1904 Ut
575 1879 646 1915 pro
678 1866 742 1904 Et.
791 1867 857 1914 qui
886 1867 921 1904 εἰ
951 1865 1136 1904 fortassis
1168 1865 1201 1903 E
1233 1866 1336 1904 alter
1367 1866 1441 1904 sub

104 1936 180 1963 ras.
232 1925 284 1963 61
319 1934 422 1974 mea,
453 1923 488 1964 si
516 1923 558 1963 id
588 1924 781 1964 omissum
811 1924 851 1962 in
876 1924 929 1974 M,
961 1924 1028 1974 qui
1058 1927 1197 1963 reseret
1226 1925 1267 1963 in
1298 1924 1441 1963 latiore

103 1995 180 2022 ras.
218 1983 341 2022 habet
390 1983 444 2022 63
481 1994 667 2031 superare
715 1983 807 2022 ante
857 1994 1038 2021 rasuram
1080 1983 1122 2020 in
1164 1983 1239 2020 ME
1283 1982 1442 2022 videtur

104 2042 226 2080 fuisse
269 2052 469 2089 superasse
520 2043 602 2080 123
638 2043 789 2090 ⁸qeneris
831 2041 873 2080 et
913 2051 1030 2080 uerus
1066 2052 1138 2090 pro
1169 2054 1205 2081 v.
1231 2052 1304 2080 scr.
1357 2042 1437 2079 141

107 2101 187 2138 146
215 2100 379 2138 Heinsio
405 2101 526 2150 teste,
557 2112 636 2138 non
660 2100 746 2149 ipse
770 2099 907 2138 notavi
958 2101 1038 2138 162
1073 2100 1312 2138 Maeandros
1357 2101 1438 2138 266

103 2159 268 2197 adorant
318 2159 400 2197 278
426 2169 492 2208 pr.
520 2159 561 2196 et
586 2159 770 2197 lathomos
795 2153 853 2209 (M
879 2152 1054 2210 latoides)
1106 2160 1187 2197 281
1222 2169 1352 2196 oeneos
1377 2152 1442 2210 (ut

104 2217 225 2255 etiam
262 2211 313 2268 L)
370 2218 453 2255 283
507 2217 589 2256 298
623 2229 711 2255 cum
735 2217 776 2254 M
802 2218 842 2254 et
872 2216 1008 2265 paucis
1064 2217 1147 2255 301
1187 2229 1222 2255 v.
1263 2216 1441 2265 spurium

104 2277 195 2324 post
228 2277 309 2314 317
344 2287 418 2313 om.
470 2276 552 2313 323
579 2276 709 2323 possis
739 2287 828 2313 cum
859 2275 911 2324 M,
943 2274 1047 2324 quod
1078 2274 1224 2313 rectius
1256 2274 1351 2313 olim
1382 2286 1440 2313 re-

104 2345 285 2384 ceperam
318 2334 399 2372 351
417 2327 541 2385 (ferro
556 2329 615 2385 Μ)
650 2334 732 2372 514
767 2334 849 2372 533
884 2334 967 2372 563
989 2334 1441 2373 ῑ’ῐασαηαῖ)αηι.ι.ανοιι-
