1554 2563
100 143 185 186 208
363 153 502 179 azymum
680 142 896 178 METAMM
908 171 917 180 .

218 255 371 305 Perque
404 266 544 293 novem
575 259 710 293 noctes
743 266 926 293 venerem
958 260 1165 306 tactusque
1197 254 1329 294 viriles

130 313 261 353 435111
294 314 424 352 vetitis
456 318 692 352 numerant.
732 312 847 352 turba
880 312 1093 353 Cenchreis
1123 315 1164 353 in
1195 313 1282 366 illa,

218 373 335 423 Regis
368 372 478 411 adest
509 373 708 424 coniunx,
739 383 957 423 arcanaque
990 384 1100 411 sacra
1131 373 1376 424 frequentat.

218 430 322 482 Ergo
354 430 525 482 legitima
556 442 701 469 vacuus
733 430 826 469 dum
859 432 1025 482 coniuge
1056 431 1207 484 lectus,

218 489 340 529 Nacta
371 501 528 540 gravem
559 491 648 528 vino
682 488 862 541 Cinyram
895 489 994 528 male
1026 489 1161 529 sedula
1192 491 1348 541 nutrix,

218 549 382 587 Nomine
414 550 577 587 mentito
597 579 608 600 ,
639 559 753 586 veros
786 549 945 599 exponit
976 560 1152 602 amore5‚

130 616 198 648 440
219 607 268 646 Et
301 608 437 646 faciem
469 606 628 645 laudat.
668 608 855 657 quaesitis
887 608 1049 658 virginis
1081 609 1193 646 anni-s

219 662 341 705 “Par'
367 667 421 704 ait
446 662 522 704 ‘est
546 663 725 717 Myrrhae
745 662 786 704 .’'
819 677 936 717 quam
960 672 1169 718 postquam
1195 666 1388 706 adducere

1223 727 1330 765 iussa
1361 730 1443 777 est,

219 784 347 835 thue
379 783 539 823 domum
571 783 716 836 rediit,
749 780 905 834 “gaude
923 815 934 836 ‚
966 781 1067 823 mea'
1099 784 1196 823 dixit
1227 781 1420 824 ‘alumnaz

219 842 392 882 Vicimus
413 840 454 882 .'’
485 842 621 881 infelix
653 854 731 881 non
764 847 846 882 toto
877 848 1038 893 pectore
1071 845 1192 882 sentit

219 901 423 941 Laetitiam
455 902 563 953 virgo
582 932 593 954 ,
624 912 889 952 praesagaque
920 907 1081 952 pectora
1112 908 1312 955 maerent,

131 968 199 1000 445
221 960 298 999 Sed
330 967 460 1000 tamen
493 966 532 999 et
563 959 734 1011 gaudet:
765 966 871 999 tanta
903 965 964 999 est
994 960 1189 1000 discordia
1219 961 1385 999 mentis.

220 1019 393 1071 Tempus
425 1026 538 1071 erat,
571 1031 648 1070 quo
681 1024 821 1058 cuncta
854 1018 999 1071 sile-nt;
1031 1020 1212 1070 interque
1245 1019 1412 1059 Triones

220 1079 248 1116 F
253 1079 400 1117 lexerat
431 1077 588 1129 obliquo
620 1077 840 1129 plaustrum
873 1083 1028 1116 temone
1060 1077 1225 1118 Bootes.

221 1137 277 1175 Ad
310 1138 460 1176 facinus
492 1138 599 1175 venit
630 1136 693 1175 illa
725 1149 869 1175 suum.
909 1137 1009 1188 fugit
1040 1149 1158 1176 aurea
1191 1136 1296 1176 caelo

220 1195 360 1248 Luna,
391 1201 529 1246 tegunt
560 1197 693 1246 nigrae
725 1194 914 1234 latitantia
946 1195 1074 1234 sidera
1106 1195 1256 1235 nubes:

133 1263 201 1295 450
220 1254 304 1293 Nox
337 1261 445 1293 caret
475 1256 564 1305 igne
597 1266 696 1292 suo,
735 1255 886 1304 primus
918 1255 1017 1305 tegis
1036 1286 1047 1306 ,
1078 1253 1186 1293 [care
1204 1285 1217 1307 ‚
1248 1253 1402 1306 vultus,

220 1313 470 1365 Erigoneque
501 1314 565 1364 pio
598 1317 748 1351 sacrata
778 1313 952 1363 parentis
983 1324 1138 1352 amore.

221 1372 299 1411 Ter
330 1372 441 1423 pedis
474 1372 612 1410 offensi
644 1372 754 1422 signo
788 1376 848 1409 est
879 1377 1087 1423 revocata,
1119 1377 1179 1410 ter
1211 1383 1326 1411 omen

221 1431 425 1470 Funereus
457 1429 562 1469 bubo
593 1429 699 1468 letali
730 1430 902 1468 carmine
934 1430 1049 1469 fecit.

221 1489 256 1529 lt
285 1495 416 1529 tamen
434 1521 446 1542 ‚
477 1495 517 1528 et
546 1487 732 1528 tenebrae
752 1489 935 1527 minuunt
954 1501 1109 1539 noxque
1129 1494 1212 1528 atra
1230 1489 1445 1540 pudoremz

135 1557 201 1587 455
222 1548 477 1599 Nutricisque
510 1559 667 1586 manum
700 1547 805 1586 laeva
837 1552 973 1600 tenet,
1005 1547 1125 1586 altera
1151 1554 1258 1587 motu

222 1607 391 1647 Caecum
422 1608 498 1645 iter
531 1605 732 1657 explorat.
771 1605 928 1644 thalami
959 1607 1035 1645 iam
1066 1606 1199 1646 limina
1230 1607 1376 1659 tangit,

222 1666 381 1717 lamque
413 1666 518 1704 fores
550 1666 704 1716 aperit,
735 1665 810 1703 iam
843 1664 1000 1704 ducitur
1031 1666 1138 1704 intus
1157 1696 1166 1704 .
1205 1671 1244 1704 at
1272 1665 1329 1704 illi

222 1724 375 1777 Poplite
407 1723 594 1763 succiduo
627 1735 753 1774 genua
783 1724 1054 1776 intremuere,
1087 1724 1264 1775 fugitque

223 1782 273 1822 Et
305 1783 411 1822 color
444 1788 483 1822 ct
514 1783 701 1834 sanguis,
732 1783 965 1833 animusque
995 1782 1185 1833 relinquit
1216 1788 1397 1822 euntem.

136 1851 204 1882 460
225 1842 391 1893 Quoque
410 1853 482 1880 suo
501 1843 663 1893 propior
683 1840 822 1879 sceleri
843 1846 902 1879 est
919 1872 931 1893 ‚
956 1842 1078 1892 magis
1105 1840 1264 1894 horret,
1291 1848 1331 1880 et
1361 1841 1445 1881 ausi

223 1901 431 1953 Paenitet,
463 1906 502 1939 et
532 1899 649 1938 vellet
680 1911 757 1938 non
790 1900 945 1950 cognita
976 1911 1092 1950 posse
1123 1901 1293 1940 reverti.

225 1959 484 1998 Cunctantem
515 1958 701 2010 longaeva
732 1970 848 1997 manu
880 1957 1068 2010 deducit,
1100 1964 1140 1997 et
1170 1958 1246 1997 alto

224 2019 429 2058 Admotam
460 2017 561 2056 lecto
593 2029 683 2056 cum
715 2016 917 2068 traderet,
950 2013 1114 2067 “accipe
1132 2013 1160 2069 ‚⁹
1192 2017 1288 2056 dixit

225 2074 319 2116 ‘Ista
350 2083 416 2115 tua
448 2082 537 2128 est,
569 2072 741 2126 Cinyra''
774 2075 990 2126 devotaque
1023 2087 1188 2126 corpora
1219 2076 1367 2115 iunxit.

138 2144 205 2175 465
226 2136 377 2186 Accipit
409 2134 578 2173 obsceno
611 2135 764 2185 genitor
797 2145 866 2172 sua
897 2135 1047 2172 viscera
1078 2133 1203 2186 lecto,

224 2193 507 2245 virgineosque
539 2198 668 2232 metus
698 2192 827 2244 levat,
858 2191 1117 2243 hortaturque
1150 2193 1376 2232 timentem.

225 2252 403 2290 Forsitan
436 2253 572 2290 aetatis
604 2262 760 2302 quoque
792 2252 949 2289 nomine
983 2247 1126 2289 “filia''
1158 2250 1277 2291 dixit:

226 2310 329 2348 Dixit
360 2316 399 2348 et
429 2310 491 2349 illa
524 2307 666 2360 “pater
683 2306 727 2362 ‚’'
759 2309 899 2348 sceleri
931 2321 980 2348 ne
1012 2310 1168 2348 nomina
1200 2309 1349 2349 desint.

225 2368 342 2407 Plena
373 2370 495 2419 patris
527 2367 704 2407 thalamis
737 2366 919 2420 excedit,
950 2372 990 2406 et
1019 2369 1137 2420 impia
1168 2367 1252 2407 diro
