<?xml version="1.0" encoding="UTF-8"?>
<!DOCTYPE html PUBLIC "-//W3C//DTD XHTML 1.0 Transitional//EN"
    "http://www.w3.org/TR/xhtml1/DTD/xhtml1-transitional.dtd">
<html xmlns="http://www.w3.org/1999/xhtml" xml:lang="en" lang="en">
 <head>
  <title>
</title>
<meta http-equiv="Content-Type" content="text/html;charset=utf-8" />
  <meta name='ocr-system' content='tesseract 3.04.00' />
  <meta name='ocr-capabilities' content='ocr_page ocr_carea ocr_par ocr_line ocrx_word'/>
</head>
<body>
  <div class='ocr_page' id='page_1' title='image "./operaovid02oviduoft_0258.png"; bbox 0 0 1554 2563; ppageno 0'>
   <div class='ocr_carea' id='block_1_1' title="bbox 127 102 913 144">
    <p class='ocr_par' dir='ltr' id='par_1_1' title="bbox 127 102 913 144">
     <span class='ocr_line' id='line_1_1' title="bbox 127 102 913 144; baseline -0.005 -3"><span class='ocrx_word' id='word_1_1' title='bbox 127 102 210 144; x_wconf 82' lang='lat'>184</span> <span class='ocrx_word' id='word_1_2' title='bbox 370 116 505 138; x_wconf 65' lang='lat' dir='ltr'>namra</span> <span class='ocrx_word' id='word_1_3' title='bbox 672 102 889 138; x_wconf 78' lang='lat' dir='ltr'>METAMM</span> <span class='ocrx_word' id='word_1_4' title='bbox 905 129 913 137; x_wconf 87' lang='lat'>.</span> 
     </span>
    </p>
   </div>
   <div class='ocr_carea' id='block_1_2' title="bbox 153 212 1466 2375">
    <p class='ocr_par' dir='ltr' id='par_1_2' title="bbox 243 212 1211 265">
     <span class='ocr_line' id='line_1_2' title="bbox 243 212 1211 265; baseline 0 -13"><span class='ocrx_word' id='word_1_5' title='bbox 243 212 463 265; x_wconf 85' lang='lat' dir='ltr'>Spectatrix</span> <span class='ocrx_word' id='word_1_6' title='bbox 495 212 651 252; x_wconf 89' lang='lat' dir='ltr'>aderam</span> <span class='ocrx_word' id='word_1_7' title='bbox 684 212 752 252; x_wconf 83' lang='lat' dir='ltr'>fati</span> <span class='ocrx_word' id='word_1_8' title='bbox 783 212 953 252; x_wconf 90' lang='lat' dir='ltr'>crudelis</span> <span class='ocrx_word' id='word_1_9' title='bbox 971 245 982 265; x_wconf 90' lang='lat'><em>‚</em></span> <span class='ocrx_word' id='word_1_10' title='bbox 1017 226 1211 264; x_wconf 83' lang='lat' dir='ltr'><strong>opemque</strong></span> 
     </span>
    </p>

    <p class='ocr_par' dir='ltr' id='par_1_3' title="bbox 153 271 1465 443">
     <span class='ocr_line' id='line_1_3' title="bbox 153 271 1465 326; baseline 0 -14"><span class='ocrx_word' id='word_1_11' title='bbox 153 280 222 312; x_wconf 83' lang='grc'>360</span> <span class='ocrx_word' id='word_1_12' title='bbox 241 272 328 311; x_wconf 89' lang='lat' dir='ltr'>Non</span> <span class='ocrx_word' id='word_1_13' title='bbox 348 278 525 323; x_wconf 88' lang='lat' dir='ltr'>poteram</span> <span class='ocrx_word' id='word_1_14' title='bbox 544 271 616 311; x_wconf 89' lang='lat' dir='ltr'>tibi</span> <span class='ocrx_word' id='word_1_15' title='bbox 641 271 745 310; x_wconf 85' lang='lat' dir='ltr'>ferre</span> <span class='ocrx_word' id='word_1_16' title='bbox 764 303 775 323; x_wconf 91' lang='lat'><em>,</em></span> <span class='ocrx_word' id='word_1_17' title='bbox 807 283 919 310; x_wconf 92' lang='lat' dir='ltr'>soror</span> <span class='ocrx_word' id='word_1_18' title='bbox 939 285 948 311; x_wconf 91' lang='lat'>:</span> <span class='ocrx_word' id='word_1_19' title='bbox 980 278 1248 323; x_wconf 85' lang='lat' dir='ltr'>quantumque</span> <span class='ocrx_word' id='word_1_20' title='bbox 1269 272 1440 312; x_wconf 89' lang='lat' dir='ltr'>valebam</span> <span class='ocrx_word' id='word_1_21' title='bbox 1454 305 1465 326; x_wconf 87' lang='lat'>‚</span> 
     </span>
     <span class='ocr_line' id='line_1_4' title="bbox 243 330 1394 384; baseline 0 -14"><span class='ocrx_word' id='word_1_22' title='bbox 243 331 496 370; x_wconf 80' lang='lat' dir='ltr'><strong>Crescentem</strong></span> <span class='ocrx_word' id='word_1_23' title='bbox 527 336 713 369; x_wconf 87' lang='lat' dir='ltr'>truncum</span> <span class='ocrx_word' id='word_1_24' title='bbox 745 342 952 381; x_wconf 86' lang='lat' dir='ltr'>ramosque</span> <span class='ocrx_word' id='word_1_25' title='bbox 985 330 1159 382; x_wconf 85' lang='lat' dir='ltr'>amplexa</span> <span class='ocrx_word' id='word_1_26' title='bbox 1190 331 1394 384; x_wconf 85' lang='lat' dir='ltr'>morabar,</span> 
     </span>
     <span class='ocr_line' id='line_1_5' title="bbox 241 388 1270 443; baseline 0.001 -15"><span class='ocrx_word' id='word_1_27' title='bbox 241 389 320 443; x_wconf 89' lang='lat' dir='ltr'>Et,</span> <span class='ocrx_word' id='word_1_28' title='bbox 353 390 478 428; x_wconf 88' lang='lat' dir='ltr'>fateor</span> <span class='ocrx_word' id='word_1_29' title='bbox 496 420 507 442; x_wconf 86' lang='lat'><em>‚</em></span> <span class='ocrx_word' id='word_1_30' title='bbox 539 388 643 428; x_wconf 89' lang='lat' dir='ltr'>volui</span> <span class='ocrx_word' id='word_1_31' title='bbox 675 388 747 427; x_wconf 90' lang='lat' dir='ltr'>sub</span> <span class='ocrx_word' id='word_1_32' title='bbox 781 389 918 428; x_wconf 88' lang='lat' dir='ltr'>eodem</span> <span class='ocrx_word' id='word_1_33' title='bbox 953 391 1099 428; x_wconf 82' lang='lat' dir='ltr'>cortice</span> <span class='ocrx_word' id='word_1_34' title='bbox 1132 389 1270 429; x_wconf 88' lang='lat' dir='ltr'>condi.</span> 
     </span>
    </p>

    <p class='ocr_par' dir='ltr' id='par_1_4' title="bbox 241 447 1466 502">
     <span class='ocr_line' id='line_1_6' title="bbox 241 447 1466 502; baseline 0.001 -15"><span class='ocrx_word' id='word_1_35' title='bbox 241 448 344 488; x_wconf 90' lang='lat' dir='ltr'>Ecce</span> <span class='ocrx_word' id='word_1_36' title='bbox 375 449 434 487; x_wconf 85' lang='lat' dir='ltr'>vir</span> <span class='ocrx_word' id='word_1_37' title='bbox 465 447 713 487; x_wconf 85' lang='lat' dir='ltr'>Andraemon</span> <span class='ocrx_word' id='word_1_38' title='bbox 753 449 986 498; x_wconf 78' lang='lat' dir='ltr'>genitorque</span> <span class='ocrx_word' id='word_1_39' title='bbox 1023 449 1268 487; x_wconf 83' lang='lat' dir='ltr'>miserrimus</span> <span class='ocrx_word' id='word_1_40' title='bbox 1302 449 1466 502; x_wconf 80' lang='lat' dir='ltr'><strong>adsunt,</strong></span> 
     </span>
    </p>

    <p class='ocr_par' dir='ltr' id='par_1_5' title="bbox 153 506 1395 618">
     <span class='ocr_line' id='line_1_7' title="bbox 242 506 1395 558; baseline 0 -12"><span class='ocrx_word' id='word_1_41' title='bbox 242 507 291 547; x_wconf 89' lang='lat' dir='ltr'>Et</span> <span class='ocrx_word' id='word_1_42' title='bbox 323 512 519 558; x_wconf 89' lang='lat' dir='ltr'>quaerunt</span> <span class='ocrx_word' id='word_1_43' title='bbox 550 506 761 558; x_wconf 84' lang='lat' dir='ltr'>Dryopen:</span> <span class='ocrx_word' id='word_1_44' title='bbox 793 506 975 558; x_wconf 85' lang='lat' dir='ltr'>Dryopen</span> <span class='ocrx_word' id='word_1_45' title='bbox 1008 506 1288 557; x_wconf 82' lang='lat' dir='ltr'>quaerentibus</span> <span class='ocrx_word' id='word_1_46' title='bbox 1320 507 1395 547; x_wconf 90' lang='lat' dir='ltr'>illis</span> 
     </span>
     <span class='ocr_line' id='line_1_8' title="bbox 153 564 1195 618; baseline -0.003 -12"><span class='ocrx_word' id='word_1_47' title='bbox 153 574 221 606; x_wconf 80' lang='grc'>365</span> <span class='ocrx_word' id='word_1_48' title='bbox 243 565 407 605; x_wconf 85' lang='lat' dir='ltr'>Ostendi</span> <span class='ocrx_word' id='word_1_49' title='bbox 438 565 574 604; x_wconf 88' lang='lat' dir='ltr'>loton.</span> <span class='ocrx_word' id='word_1_50' title='bbox 613 565 744 615; x_wconf 84' lang='lat' dir='ltr'>tepido</span> <span class='ocrx_word' id='word_1_51' title='bbox 777 564 869 603; x_wconf 88' lang='lat' dir='ltr'>dant</span> <span class='ocrx_word' id='word_1_52' title='bbox 903 565 1034 604; x_wconf 89' lang='lat' dir='ltr'>oscula</span> <span class='ocrx_word' id='word_1_53' title='bbox 1067 565 1195 618; x_wconf 84' lang='lat' dir='ltr'>ligno,</span> 
     </span>
    </p>

    <p class='ocr_par' dir='ltr' id='par_1_6' title="bbox 242 622 1199 675">
     <span class='ocr_line' id='line_1_9' title="bbox 242 622 1199 675; baseline 0 -12"><span class='ocrx_word' id='word_1_54' title='bbox 242 625 443 675; x_wconf 81' lang='lat' dir='ltr'>Affusique</span> <span class='ocrx_word' id='word_1_55' title='bbox 476 636 569 663; x_wconf 88' lang='lat' dir='ltr'>suae</span> <span class='ocrx_word' id='word_1_56' title='bbox 600 622 798 662; x_wconf 84' lang='lat' dir='ltr'>radicibus</span> <span class='ocrx_word' id='word_1_57' title='bbox 829 623 982 662; x_wconf 87' lang='lat' dir='ltr'>arboris</span> <span class='ocrx_word' id='word_1_58' title='bbox 1016 624 1199 663; x_wconf 84' lang='lat' dir='ltr'>haerent.</span> 
     </span>
    </p>

    <p class='ocr_par' dir='ltr' id='par_1_7' title="bbox 241 681 1464 736">
     <span class='ocr_line' id='line_1_10' title="bbox 241 681 1464 736; baseline 0.002 -15"><span class='ocrx_word' id='word_1_59' title='bbox 241 683 303 722; x_wconf 91' lang='lat' dir='ltr'>Nil</span> <span class='ocrx_word' id='word_1_60' title='bbox 334 685 410 722; x_wconf 90' lang='lat' dir='ltr'>nisi</span> <span class='ocrx_word' id='word_1_61' title='bbox 441 684 516 721; x_wconf 89' lang='lat' dir='ltr'>iam</span> <span class='ocrx_word' id='word_1_62' title='bbox 536 683 673 721; x_wconf 88' lang='lat' dir='ltr'>faciem</span> <span class='ocrx_word' id='word_1_63' title='bbox 693 713 704 733; x_wconf 87' lang='lat'><em>,</em></span> <span class='ocrx_word' id='word_1_64' title='bbox 736 681 839 732; x_wconf 89' lang='lat' dir='ltr'>quod</span> <span class='ocrx_word' id='word_1_65' title='bbox 872 694 950 720; x_wconf 90' lang='lat' dir='ltr'>non</span> <span class='ocrx_word' id='word_1_66' title='bbox 970 682 1072 720; x_wconf 89' lang='lat' dir='ltr'>foret</span> <span class='ocrx_word' id='word_1_67' title='bbox 1091 682 1207 721; x_wconf 88' lang='lat' dir='ltr'>arbor</span> <span class='ocrx_word' id='word_1_68' title='bbox 1226 714 1236 734; x_wconf 88' lang='lat'><em>,</em></span> <span class='ocrx_word' id='word_1_69' title='bbox 1269 682 1464 736; x_wconf 89' lang='lat' dir='ltr'>habebas,</span> 
     </span>
    </p>

    <p class='ocr_par' dir='ltr' id='par_1_8' title="bbox 243 740 1325 792">
     <span class='ocr_line' id='line_1_11' title="bbox 243 740 1325 792; baseline -0.001 -11"><span class='ocrx_word' id='word_1_70' title='bbox 243 742 340 782; x_wconf 88' lang='lat' dir='ltr'>Cara</span> <span class='ocrx_word' id='word_1_71' title='bbox 371 753 513 780; x_wconf 88' lang='lat' dir='ltr'>soror:</span> <span class='ocrx_word' id='word_1_72' title='bbox 545 741 727 780; x_wconf 87' lang='lat' dir='ltr'>lacrimae</span> <span class='ocrx_word' id='word_1_73' title='bbox 759 741 903 779; x_wconf 86' lang='lat' dir='ltr'>misero</span> <span class='ocrx_word' id='word_1_74' title='bbox 936 740 983 779; x_wconf 88' lang='lat' dir='ltr'>de</span> <span class='ocrx_word' id='word_1_75' title='bbox 1016 753 1180 792; x_wconf 88' lang='lat' dir='ltr'>corpore</span> <span class='ocrx_word' id='word_1_76' title='bbox 1214 742 1325 781; x_wconf 87' lang='lat' dir='ltr'>factis</span> 
     </span>
    </p>

    <p class='ocr_par' dir='ltr' id='par_1_9' title="bbox 241 799 1350 851">
     <span class='ocr_line' id='line_1_12' title="bbox 241 799 1350 851; baseline -0.003 -11"><span class='ocrx_word' id='word_1_77' title='bbox 241 801 423 840; x_wconf 84' lang='lat' dir='ltr'>lnrorant</span> <span class='ocrx_word' id='word_1_78' title='bbox 454 799 586 851; x_wconf 80' lang='lat' dir='ltr'>foliis3</span> <span class='ocrx_word' id='word_1_79' title='bbox 618 812 661 838; x_wconf 92' lang='lat' dir='ltr'>ac</span> <span class='ocrx_word' id='word_1_80' title='bbox 694 799 786 838; x_wconf 92' lang='lat' dir='ltr'>dum</span> <span class='ocrx_word' id='word_1_81' title='bbox 818 799 938 850; x_wconf 90' lang='lat' dir='ltr'>licet,</span> <span class='ocrx_word' id='word_1_82' title='bbox 970 811 1116 850; x_wconf 85' lang='lat' dir='ltr'>oraque</span> <span class='ocrx_word' id='word_1_83' title='bbox 1149 806 1350 851; x_wconf 83' lang='lat' dir='ltr'>praestant</span> 
     </span>
    </p>

    <p class='ocr_par' dir='ltr' id='par_1_10' title="bbox 153 857 1229 911">
     <span class='ocr_line' id='line_1_13' title="bbox 153 857 1229 911; baseline 0.001 -14"><span class='ocrx_word' id='word_1_84' title='bbox 153 868 221 901; x_wconf 77' lang='lat'>370</span> <span class='ocrx_word' id='word_1_85' title='bbox 241 859 355 897; x_wconf 89' lang='lat' dir='ltr'>Vocis</span> <span class='ocrx_word' id='word_1_86' title='bbox 387 860 462 897; x_wconf 88' lang='lat' dir='ltr'>iter</span> <span class='ocrx_word' id='word_1_87' title='bbox 480 890 492 911; x_wconf 79' lang='lat'><em>‚</em></span> <span class='ocrx_word' id='word_1_88' title='bbox 524 858 620 897; x_wconf 89' lang='lat' dir='ltr'>tales</span> <span class='ocrx_word' id='word_1_89' title='bbox 653 857 818 897; x_wconf 76' lang='lat' dir='ltr'>effundit</span> <span class='ocrx_word' id='word_1_90' title='bbox 848 859 887 896; x_wconf 91' lang='lat' dir='ltr'>in</span> <span class='ocrx_word' id='word_1_91' title='bbox 921 860 1009 896; x_wconf 75' lang='lat' dir='ltr'>aera</span> <span class='ocrx_word' id='word_1_92' title='bbox 1043 865 1229 909; x_wconf 86' lang='lat' dir='ltr'>questus:</span> 
     </span>
    </p>

    <p class='ocr_par' dir='ltr' id='par_1_11' title="bbox 241 916 1423 1145">
     <span class='ocr_line' id='line_1_14' title="bbox 242 916 1347 969; baseline -0.001 -12"><span class='ocrx_word' id='word_1_93' title='bbox 242 916 395 969; x_wconf 76' lang='lat' dir='ltr'>“Siqua</span> <span class='ocrx_word' id='word_1_94' title='bbox 425 917 523 956; x_wconf 88' lang='lat' dir='ltr'>fides</span> <span class='ocrx_word' id='word_1_95' title='bbox 554 918 707 956; x_wconf 86' lang='lat' dir='ltr'>miseris</span> <span class='ocrx_word' id='word_1_96' title='bbox 725 948 737 968; x_wconf 88' lang='lat'><em>,</em></span> <span class='ocrx_word' id='word_1_97' title='bbox 768 916 843 955; x_wconf 88' lang='lat' dir='ltr'>hoc</span> <span class='ocrx_word' id='word_1_98' title='bbox 874 928 935 955; x_wconf 88' lang='lat' dir='ltr'>me</span> <span class='ocrx_word' id='word_1_99' title='bbox 966 928 1038 968; x_wconf 91' lang='lat' dir='ltr'>per</span> <span class='ocrx_word' id='word_1_100' title='bbox 1070 918 1230 956; x_wconf 91' lang='lat' dir='ltr'>numina</span> <span class='ocrx_word' id='word_1_101' title='bbox 1261 919 1347 956; x_wconf 91' lang='lat' dir='ltr'>iuro</span> 
     </span>
     <span class='ocr_line' id='line_1_15' title="bbox 241 976 1423 1027; baseline 0.001 -12"><span class='ocrx_word' id='word_1_102' title='bbox 241 977 328 1016; x_wconf 88' lang='lat' dir='ltr'>Non</span> <span class='ocrx_word' id='word_1_103' title='bbox 360 977 553 1016; x_wconf 87' lang='lat' dir='ltr'>meruisse</span> <span class='ocrx_word' id='word_1_104' title='bbox 586 976 723 1014; x_wconf 88' lang='lat' dir='ltr'>nefas.</span> <span class='ocrx_word' id='word_1_105' title='bbox 763 976 889 1026; x_wconf 88' lang='lat' dir='ltr'>patior</span> <span class='ocrx_word' id='word_1_106' title='bbox 921 976 1005 1014; x_wconf 90' lang='lat' dir='ltr'>sine</span> <span class='ocrx_word' id='word_1_107' title='bbox 1038 977 1201 1014; x_wconf 85' lang='lat' dir='ltr'>crimine</span> <span class='ocrx_word' id='word_1_108' title='bbox 1233 988 1423 1027; x_wconf 87' lang='lat' dir='ltr'>poenam.</span> 
     </span>
     <span class='ocr_line' id='line_1_16' title="bbox 241 1034 1300 1087; baseline 0 -13"><span class='ocrx_word' id='word_1_109' title='bbox 241 1035 415 1074; x_wconf 87' lang='lat' dir='ltr'>Viximus</span> <span class='ocrx_word' id='word_1_110' title='bbox 447 1036 667 1074; x_wconf 85' lang='lat' dir='ltr'>innocuae.</span> <span class='ocrx_word' id='word_1_111' title='bbox 706 1035 738 1073; x_wconf 88' lang='lat' dir='ltr'>si</span> <span class='ocrx_word' id='word_1_112' title='bbox 770 1035 968 1087; x_wconf 85' lang='lat' dir='ltr'>mentior,</span> <span class='ocrx_word' id='word_1_113' title='bbox 1001 1034 1107 1073; x_wconf 83' lang='lat' dir='ltr'>arida</span> <span class='ocrx_word' id='word_1_114' title='bbox 1138 1034 1300 1086; x_wconf 88' lang='lat' dir='ltr'>perdam</span> 
     </span>
     <span class='ocr_line' id='line_1_17' title="bbox 243 1092 1330 1145; baseline 0.001 -13"><span class='ocrx_word' id='word_1_115' title='bbox 243 1094 347 1140; x_wconf 89' lang='lat' dir='ltr'>Quas</span> <span class='ocrx_word' id='word_1_116' title='bbox 380 1093 502 1132; x_wconf 89' lang='lat' dir='ltr'>habeo</span> <span class='ocrx_word' id='word_1_117' title='bbox 536 1092 695 1132; x_wconf 85' lang='lat' dir='ltr'>frondes</span> <span class='ocrx_word' id='word_1_118' title='bbox 714 1124 725 1145; x_wconf 88' lang='lat'><em>‚</em></span> <span class='ocrx_word' id='word_1_119' title='bbox 757 1098 796 1132; x_wconf 90' lang='lat' dir='ltr'>et</span> <span class='ocrx_word' id='word_1_120' title='bbox 828 1105 940 1132; x_wconf 88' lang='lat' dir='ltr'>caesa</span> <span class='ocrx_word' id='word_1_121' title='bbox 972 1092 1181 1132; x_wconf 85' lang='lat' dir='ltr'>securibus</span> <span class='ocrx_word' id='word_1_122' title='bbox 1217 1106 1330 1133; x_wconf 91' lang='lat' dir='ltr'>urar.</span> 
     </span>
    </p>

    <p class='ocr_par' dir='ltr' id='par_1_12' title="bbox 153 1151 1307 1204">
     <span class='ocr_line' id='line_1_18' title="bbox 153 1151 1307 1204; baseline -0.003 -11"><span class='ocrx_word' id='word_1_123' title='bbox 153 1161 220 1193; x_wconf 77' lang='grc'>375</span> <span class='ocrx_word' id='word_1_124' title='bbox 242 1151 355 1192; x_wconf 84' lang='lat' dir='ltr'>Hunc</span> <span class='ocrx_word' id='word_1_125' title='bbox 390 1158 517 1190; x_wconf 86' lang='lat' dir='ltr'>tamen</span> <span class='ocrx_word' id='word_1_126' title='bbox 549 1152 736 1190; x_wconf 87' lang='lat' dir='ltr'>infantem</span> <span class='ocrx_word' id='word_1_127' title='bbox 770 1152 956 1190; x_wconf 85' lang='lat' dir='ltr'>maternis</span> <span class='ocrx_word' id='word_1_128' title='bbox 989 1151 1133 1190; x_wconf 84' lang='lat' dir='ltr'>demite</span> <span class='ocrx_word' id='word_1_129' title='bbox 1166 1154 1307 1204; x_wconf 83' lang='lat' dir='ltr'>ramis,</span> 
     </span>
    </p>

    <p class='ocr_par' dir='ltr' id='par_1_13' title="bbox 241 1209 1294 1262">
     <span class='ocr_line' id='line_1_19' title="bbox 241 1209 1294 1262; baseline -0.002 -12"><span class='ocrx_word' id='word_1_130' title='bbox 241 1211 291 1250; x_wconf 90' lang='lat' dir='ltr'>Et</span> <span class='ocrx_word' id='word_1_131' title='bbox 322 1211 409 1250; x_wconf 90' lang='lat' dir='ltr'>date</span> <span class='ocrx_word' id='word_1_132' title='bbox 442 1211 615 1249; x_wconf 89' lang='lat' dir='ltr'>nutrici.</span> <span class='ocrx_word' id='word_1_133' title='bbox 654 1215 868 1260; x_wconf 77' lang='lat' dir='ltr'>nostraque</span> <span class='ocrx_word' id='word_1_134' title='bbox 900 1209 974 1249; x_wconf 90' lang='lat' dir='ltr'>sub</span> <span class='ocrx_word' id='word_1_135' title='bbox 1006 1209 1146 1248; x_wconf 90' lang='lat' dir='ltr'>arbore</span> <span class='ocrx_word' id='word_1_136' title='bbox 1179 1222 1294 1262; x_wconf 89' lang='lat' dir='ltr'>saepe</span> 
     </span>
    </p>

    <p class='ocr_par' dir='ltr' id='par_1_14' title="bbox 241 1267 1358 1436">
     <span class='ocr_line' id='line_1_20' title="bbox 241 1267 1358 1321; baseline 0.001 -13"><span class='ocrx_word' id='word_1_137' title='bbox 241 1269 318 1308; x_wconf 92' lang='lat' dir='ltr'>Lac</span> <span class='ocrx_word' id='word_1_138' title='bbox 350 1270 506 1308; x_wconf 85' lang='lat' dir='ltr'>facitote</span> <span class='ocrx_word' id='word_1_139' title='bbox 539 1268 646 1307; x_wconf 84' lang='lat' dir='ltr'>bibat</span> <span class='ocrx_word' id='word_1_140' title='bbox 664 1300 675 1321; x_wconf 85' lang='lat'><em>‚</em></span> <span class='ocrx_word' id='word_1_141' title='bbox 706 1274 919 1319; x_wconf 88' lang='lat' dir='ltr'>nostraque</span> <span class='ocrx_word' id='word_1_142' title='bbox 952 1268 1024 1307; x_wconf 89' lang='lat' dir='ltr'>sub</span> <span class='ocrx_word' id='word_1_143' title='bbox 1057 1267 1196 1307; x_wconf 87' lang='lat' dir='ltr'>arbore</span> <span class='ocrx_word' id='word_1_144' title='bbox 1229 1268 1358 1309; x_wconf 85' lang='lat' dir='ltr'>ludat.</span> 
     </span>
     <span class='ocr_line' id='line_1_21' title="bbox 242 1327 1348 1381; baseline -0.002 -13"><span class='ocrx_word' id='word_1_145' title='bbox 242 1328 418 1378; x_wconf 89' lang='lat' dir='ltr'>Cumque</span> <span class='ocrx_word' id='word_1_146' title='bbox 452 1327 557 1378; x_wconf 90' lang='lat' dir='ltr'>loqui</span> <span class='ocrx_word' id='word_1_147' title='bbox 590 1328 763 1379; x_wconf 82' lang='lat' dir='ltr'>poterit,</span> <span class='ocrx_word' id='word_1_148' title='bbox 795 1333 960 1366; x_wconf 89' lang='lat' dir='ltr'>matrem</span> <span class='ocrx_word' id='word_1_149' title='bbox 992 1327 1149 1366; x_wconf 87' lang='lat' dir='ltr'>facitote</span> <span class='ocrx_word' id='word_1_150' title='bbox 1181 1328 1348 1381; x_wconf 81' lang='lat' dir='ltr'>salutet,</span> 
     </span>
     <span class='ocr_line' id='line_1_22' title="bbox 243 1382 1329 1436; baseline -0.002 -10"><span class='ocrx_word' id='word_1_151' title='bbox 243 1386 292 1426; x_wconf 82' lang='lat' dir='ltr'>Et</span> <span class='ocrx_word' id='word_1_152' title='bbox 323 1387 448 1425; x_wconf 84' lang='lat' dir='ltr'>tristis</span> <span class='ocrx_word' id='word_1_153' title='bbox 481 1386 585 1424; x_wconf 87' lang='lat' dir='ltr'>dicat</span> <span class='ocrx_word' id='word_1_154' title='bbox 616 1382 758 1424; x_wconf 73' lang='lat' dir='ltr'>“‘latet</span> <span class='ocrx_word' id='word_1_155' title='bbox 789 1385 863 1424; x_wconf 83' lang='lat' dir='ltr'>hoc</span> <span class='ocrx_word' id='word_1_156' title='bbox 895 1387 936 1425; x_wconf 63' lang='lat' dir='ltr'>in</span> <span class='ocrx_word' id='word_1_157' title='bbox 968 1387 1100 1436; x_wconf 85' lang='lat' dir='ltr'>stipite</span> <span class='ocrx_word' id='word_1_158' title='bbox 1133 1392 1257 1424; x_wconf 80' lang='lat' dir='ltr'>mater</span> <span class='ocrx_word' id='word_1_159' title='bbox 1272 1383 1329 1425; x_wconf 89' lang='lat'>.&#39;’&#39;</span> 
     </span>
    </p>

    <p class='ocr_par' dir='ltr' id='par_1_15' title="bbox 154 1444 1438 1555">
     <span class='ocr_line' id='line_1_23' title="bbox 154 1444 1438 1496; baseline -0.001 -11"><span class='ocrx_word' id='word_1_160' title='bbox 154 1454 221 1485; x_wconf 87' lang='lat'>380</span> <span class='ocrx_word' id='word_1_161' title='bbox 243 1446 387 1496; x_wconf 84' lang='lat' dir='ltr'>Stagna</span> <span class='ocrx_word' id='word_1_162' title='bbox 419 1451 548 1484; x_wconf 88' lang='lat' dir='ltr'>tamen</span> <span class='ocrx_word' id='word_1_163' title='bbox 582 1445 744 1495; x_wconf 83' lang='lat' dir='ltr'>timeat,</span> <span class='ocrx_word' id='word_1_164' title='bbox 777 1456 849 1483; x_wconf 89' lang='lat' dir='ltr'>nec</span> <span class='ocrx_word' id='word_1_165' title='bbox 881 1449 1015 1495; x_wconf 88' lang='lat' dir='ltr'>carpat</span> <span class='ocrx_word' id='word_1_166' title='bbox 1045 1444 1092 1482; x_wconf 91' lang='lat' dir='ltr'>ab</span> <span class='ocrx_word' id='word_1_167' title='bbox 1125 1444 1263 1483; x_wconf 89' lang='lat' dir='ltr'>arbore</span> <span class='ocrx_word' id='word_1_168' title='bbox 1297 1445 1438 1496; x_wconf 79' lang='lat' dir='ltr'>ssores,</span> 
     </span>
     <span class='ocr_line' id='line_1_24' title="bbox 242 1503 1306 1555; baseline 0 -12"><span class='ocrx_word' id='word_1_169' title='bbox 242 1504 292 1543; x_wconf 82' lang='lat' dir='ltr'>Et</span> <span class='ocrx_word' id='word_1_170' title='bbox 322 1504 485 1543; x_wconf 83' lang='lat' dir='ltr'>frutices</span> <span class='ocrx_word' id='word_1_171' title='bbox 518 1515 653 1541; x_wconf 89' lang='lat' dir='ltr'>omnes</span> <span class='ocrx_word' id='word_1_172' title='bbox 686 1515 829 1555; x_wconf 87' lang='lat' dir='ltr'>corpus</span> <span class='ocrx_word' id='word_1_173' title='bbox 861 1508 973 1553; x_wconf 90' lang='lat' dir='ltr'>putet</span> <span class='ocrx_word' id='word_1_174' title='bbox 1004 1514 1090 1541; x_wconf 86' lang='lat' dir='ltr'>esse</span> <span class='ocrx_word' id='word_1_175' title='bbox 1123 1503 1306 1543; x_wconf 87' lang='lat' dir='ltr'>dearum.</span> 
     </span>
    </p>

    <p class='ocr_par' dir='ltr' id='par_1_16' title="bbox 241 1561 1368 1733">
     <span class='ocr_line' id='line_1_25' title="bbox 242 1561 1348 1614; baseline 0 -12"><span class='ocrx_word' id='word_1_176' title='bbox 242 1562 339 1602; x_wconf 84' lang='lat' dir='ltr'>Care</span> <span class='ocrx_word' id='word_1_177' title='bbox 371 1562 452 1601; x_wconf 89' lang='lat' dir='ltr'>vale</span> <span class='ocrx_word' id='word_1_178' title='bbox 486 1563 656 1600; x_wconf 87' lang='lat' dir='ltr'>coniunx</span> <span class='ocrx_word' id='word_1_179' title='bbox 675 1593 686 1614; x_wconf 81' lang='lat'><em>,</em></span> <span class='ocrx_word' id='word_1_180' title='bbox 718 1567 757 1601; x_wconf 93' lang='lat' dir='ltr'>et</span> <span class='ocrx_word' id='word_1_181' title='bbox 787 1567 830 1601; x_wconf 88' lang='lat' dir='ltr'>tu</span> <span class='ocrx_word' id='word_1_182' title='bbox 849 1592 860 1613; x_wconf 89' lang='lat'><em>,</em></span> <span class='ocrx_word' id='word_1_183' title='bbox 891 1573 1073 1612; x_wconf 85' lang='lat' dir='ltr'>germana</span> <span class='ocrx_word' id='word_1_184' title='bbox 1093 1593 1104 1613; x_wconf 90' lang='lat'><em>,</em></span> <span class='ocrx_word' id='word_1_185' title='bbox 1135 1561 1348 1613; x_wconf 81' lang='lat' dir='ltr'>paterque!</span> 
     </span>
     <span class='ocr_line' id='line_1_26' title="bbox 243 1619 1368 1674; baseline -0.001 -13"><span class='ocrx_word' id='word_1_186' title='bbox 243 1621 348 1674; x_wconf 85' lang='lat' dir='ltr'>Qui,</span> <span class='ocrx_word' id='word_1_187' title='bbox 380 1623 491 1672; x_wconf 88' lang='lat' dir='ltr'>siqua</span> <span class='ocrx_word' id='word_1_188' title='bbox 524 1626 584 1659; x_wconf 79' lang='lat' dir='ltr'>est</span> <span class='ocrx_word' id='word_1_189' title='bbox 614 1622 762 1672; x_wconf 86' lang='lat' dir='ltr'>pietas,</span> <span class='ocrx_word' id='word_1_190' title='bbox 794 1619 841 1658; x_wconf 91' lang='lat' dir='ltr'>ab</span> <span class='ocrx_word' id='word_1_191' title='bbox 873 1625 1009 1659; x_wconf 86' lang='lat' dir='ltr'>acutae</span> <span class='ocrx_word' id='word_1_192' title='bbox 1042 1619 1203 1659; x_wconf 88' lang='lat' dir='ltr'>vulnere</span> <span class='ocrx_word' id='word_1_193' title='bbox 1235 1621 1368 1674; x_wconf 86' lang='lat' dir='ltr'>falcis,</span> 
     </span>
     <span class='ocr_line' id='line_1_27' title="bbox 241 1678 1253 1733; baseline -0.002 -13"><span class='ocrx_word' id='word_1_194' title='bbox 241 1680 271 1720; x_wconf 83' lang='lat' dir='ltr'><strong>A</strong></span> <span class='ocrx_word' id='word_1_195' title='bbox 303 1681 458 1733; x_wconf 88' lang='lat' dir='ltr'>pecoris</span> <span class='ocrx_word' id='word_1_196' title='bbox 491 1691 624 1718; x_wconf 87' lang='lat' dir='ltr'>morsu</span> <span class='ocrx_word' id='word_1_197' title='bbox 656 1678 816 1719; x_wconf 75' lang='lat' dir='ltr'>frondes</span> <span class='ocrx_word' id='word_1_198' title='bbox 848 1678 1044 1717; x_wconf 85' lang='lat' dir='ltr'>defendite</span> <span class='ocrx_word' id='word_1_199' title='bbox 1077 1685 1253 1718; x_wconf 86' lang='lat' dir='ltr'>nostras.</span> 
     </span>
    </p>

    <p class='ocr_par' dir='ltr' id='par_1_17' title="bbox 155 1735 1400 2024">
     <span class='ocr_line' id='line_1_28' title="bbox 155 1735 1390 1790; baseline -0.001 -12"><span class='ocrx_word' id='word_1_200' title='bbox 155 1746 222 1778; x_wconf 83' lang='lat'>385</span> <span class='ocrx_word' id='word_1_201' title='bbox 243 1738 293 1777; x_wconf 89' lang='lat' dir='ltr'>Et</span> <span class='ocrx_word' id='word_1_202' title='bbox 324 1739 508 1790; x_wconf 84' lang='lat' dir='ltr'>quoniam</span> <span class='ocrx_word' id='word_1_203' title='bbox 541 1736 636 1776; x_wconf 87' lang='lat' dir='ltr'>mihi</span> <span class='ocrx_word' id='word_1_204' title='bbox 667 1737 725 1776; x_wconf 82' lang='lat' dir='ltr'>ras</span> <span class='ocrx_word' id='word_1_205' title='bbox 755 1735 805 1779; x_wconf 73' lang='lat' dir='ltr'>ad</span> <span class='ocrx_word' id='word_1_206' title='bbox 834 1748 902 1777; x_wconf 79' lang='lat' dir='ltr'>vos</span> <span class='ocrx_word' id='word_1_207' title='bbox 934 1736 1162 1776; x_wconf 87' lang='lat' dir='ltr'>incumbere</span> <span class='ocrx_word' id='word_1_208' title='bbox 1193 1749 1273 1776; x_wconf 89' lang='lat' dir='ltr'>non</span> <span class='ocrx_word' id='word_1_209' title='bbox 1306 1744 1390 1789; x_wconf 86' lang='lat' dir='ltr'>est,</span> 
     </span>
     <span class='ocr_line' id='line_1_29' title="bbox 241 1795 1331 1849; baseline -0.002 -13"><span class='ocrx_word' id='word_1_210' title='bbox 241 1795 390 1849; x_wconf 73' lang='lat' dir='ltr'>Erigite</span> <span class='ocrx_word' id='word_1_211' title='bbox 422 1796 498 1835; x_wconf 71' lang='lat' dir='ltr'>huc</span> <span class='ocrx_word' id='word_1_212' title='bbox 531 1802 640 1835; x_wconf 84' lang='lat' dir='ltr'>artus</span> <span class='ocrx_word' id='word_1_213' title='bbox 659 1827 670 1845; x_wconf 91' lang='lat'>,</span> <span class='ocrx_word' id='word_1_214' title='bbox 701 1802 741 1835; x_wconf 85' lang='lat' dir='ltr'>et</span> <span class='ocrx_word' id='word_1_215' title='bbox 771 1795 818 1835; x_wconf 91' lang='lat' dir='ltr'>ad</span> <span class='ocrx_word' id='word_1_216' title='bbox 850 1795 982 1834; x_wconf 88' lang='lat' dir='ltr'>oscula</span> <span class='ocrx_word' id='word_1_217' title='bbox 1013 1801 1147 1835; x_wconf 76' lang='lat' dir='ltr'>nostra</span> <span class='ocrx_word' id='word_1_218' title='bbox 1178 1797 1331 1848; x_wconf 84' lang='lat' dir='ltr'>venite,</span> 
     </span>
     <span class='ocr_line' id='line_1_30' title="bbox 242 1854 1358 1908; baseline -0.001 -14"><span class='ocrx_word' id='word_1_219' title='bbox 242 1855 343 1894; x_wconf 87' lang='lat' dir='ltr'>Dum</span> <span class='ocrx_word' id='word_1_220' title='bbox 375 1857 480 1906; x_wconf 87' lang='lat' dir='ltr'>tangi</span> <span class='ocrx_word' id='word_1_221' title='bbox 511 1866 670 1906; x_wconf 87' lang='lat' dir='ltr'>possum</span> <span class='ocrx_word' id='word_1_222' title='bbox 689 1887 701 1908; x_wconf 82' lang='lat'><em>,</em></span> <span class='ocrx_word' id='word_1_223' title='bbox 732 1864 973 1907; x_wconf 72' lang='lat' dir='ltr'>parvumque</span> <span class='ocrx_word' id='word_1_224' title='bbox 1006 1854 1167 1893; x_wconf 78' lang='lat' dir='ltr'>attollite</span> <span class='ocrx_word' id='word_1_225' title='bbox 1202 1861 1358 1893; x_wconf 84' lang='lat' dir='ltr'>natum.</span> 
     </span>
     <span class='ocr_line' id='line_1_31' title="bbox 241 1912 1400 1964; baseline -0.001 -12"><span class='ocrx_word' id='word_1_226' title='bbox 241 1914 359 1952; x_wconf 88' lang='lat' dir='ltr'>Plura</span> <span class='ocrx_word' id='word_1_227' title='bbox 390 1914 497 1964; x_wconf 91' lang='lat' dir='ltr'>loqui</span> <span class='ocrx_word' id='word_1_228' title='bbox 529 1925 682 1964; x_wconf 87' lang='lat' dir='ltr'>nequeo</span> <span class='ocrx_word' id='word_1_229' title='bbox 703 1944 712 1952; x_wconf 93' lang='lat'>.</span> <span class='ocrx_word' id='word_1_230' title='bbox 750 1924 839 1952; x_wconf 82' lang='lat' dir='ltr'>nam</span> <span class='ocrx_word' id='word_1_231' title='bbox 870 1913 946 1951; x_wconf 89' lang='lat' dir='ltr'>iam</span> <span class='ocrx_word' id='word_1_232' title='bbox 977 1924 1048 1963; x_wconf 90' lang='lat' dir='ltr'>per</span> <span class='ocrx_word' id='word_1_233' title='bbox 1080 1912 1242 1951; x_wconf 86' lang='lat' dir='ltr'>candida</span> <span class='ocrx_word' id='word_1_234' title='bbox 1274 1912 1400 1951; x_wconf 88' lang='lat' dir='ltr'>mollis</span> 
     </span>
     <span class='ocr_line' id='line_1_32' title="bbox 244 1972 1366 2024; baseline -0.002 -13"><span class='ocrx_word' id='word_1_235' title='bbox 244 1972 348 2011; x_wconf 92' lang='lat' dir='ltr'>Colla</span> <span class='ocrx_word' id='word_1_236' title='bbox 380 1972 479 2011; x_wconf 88' lang='lat' dir='ltr'>liber</span> <span class='ocrx_word' id='word_1_237' title='bbox 511 1974 664 2024; x_wconf 82' lang='lat' dir='ltr'>serpit,</span> <span class='ocrx_word' id='word_1_238' title='bbox 696 1983 928 2023; x_wconf 86' lang='lat' dir='ltr'>summoque</span> <span class='ocrx_word' id='word_1_239' title='bbox 961 1972 1163 2010; x_wconf 90' lang='lat' dir='ltr'>cacumine</span> <span class='ocrx_word' id='word_1_240' title='bbox 1195 1972 1366 2010; x_wconf 90' lang='lat' dir='ltr'>condor.</span> 
     </span>
    </p>

    <p class='ocr_par' dir='ltr' id='par_1_18' title="bbox 155 2030 1459 2257">
     <span class='ocr_line' id='line_1_33' title="bbox 155 2030 1365 2071; baseline -0.002 -1"><span class='ocrx_word' id='word_1_241' title='bbox 155 2039 222 2071; x_wconf 79' lang='lat'>390</span> <span class='ocrx_word' id='word_1_242' title='bbox 242 2031 299 2070; x_wconf 86' lang='lat' dir='ltr'>Ex</span> <span class='ocrx_word' id='word_1_243' title='bbox 331 2031 455 2070; x_wconf 92' lang='lat' dir='ltr'>oculis</span> <span class='ocrx_word' id='word_1_244' title='bbox 487 2036 684 2069; x_wconf 83' lang='lat' dir='ltr'>removete</span> <span class='ocrx_word' id='word_1_245' title='bbox 717 2042 854 2069; x_wconf 89' lang='lat' dir='ltr'>manus</span> <span class='ocrx_word' id='word_1_246' title='bbox 875 2060 884 2069; x_wconf 86' lang='lat'><strong>.</strong></span> <span class='ocrx_word' id='word_1_247' title='bbox 923 2030 1006 2068; x_wconf 88' lang='lat' dir='ltr'>sine</span> <span class='ocrx_word' id='word_1_248' title='bbox 1038 2041 1202 2068; x_wconf 87' lang='lat' dir='ltr'>munere</span> <span class='ocrx_word' id='word_1_249' title='bbox 1234 2035 1365 2068; x_wconf 85' lang='lat' dir='ltr'>vestro</span> 
     </span>
     <span class='ocr_line' id='line_1_34' title="bbox 244 2085 1285 2140; baseline -0.003 -12"><span class='ocrx_word' id='word_1_250' title='bbox 244 2089 432 2140; x_wconf 84' lang='lat' dir='ltr'>Contegat</span> <span class='ocrx_word' id='word_1_251' title='bbox 464 2089 648 2128; x_wconf 79' lang='lat' dir='ltr'>inductus</span> <span class='ocrx_word' id='word_1_252' title='bbox 679 2090 886 2127; x_wconf 85' lang='lat' dir='ltr'>morientia</span> <span class='ocrx_word' id='word_1_253' title='bbox 918 2087 1062 2126; x_wconf 89' lang='lat' dir='ltr'>lumina</span> <span class='ocrx_word' id='word_1_254' title='bbox 1096 2094 1229 2126; x_wconf 87' lang='lat' dir='ltr'>cortex</span> <span class='ocrx_word' id='word_1_255' title='bbox 1245 2085 1285 2126; x_wconf 89' lang='lat'>.&#39;&#39;</span> 
     </span>
     <span class='ocr_line' id='line_1_35' title="bbox 243 2146 1459 2199; baseline -0.001 -13"><span class='ocrx_word' id='word_1_256' title='bbox 243 2147 446 2186; x_wconf 84' lang='lat' dir='ltr'>Desierant</span> <span class='ocrx_word' id='word_1_257' title='bbox 478 2147 594 2186; x_wconf 88' lang='lat' dir='ltr'>simul</span> <span class='ocrx_word' id='word_1_258' title='bbox 625 2159 692 2186; x_wconf 85' lang='lat' dir='ltr'>ora</span> <span class='ocrx_word' id='word_1_259' title='bbox 724 2147 861 2199; x_wconf 86' lang='lat' dir='ltr'>loqui,</span> <span class='ocrx_word' id='word_1_260' title='bbox 893 2146 1007 2185; x_wconf 89' lang='lat' dir='ltr'>simul</span> <span class='ocrx_word' id='word_1_261' title='bbox 1040 2158 1125 2184; x_wconf 87' lang='lat' dir='ltr'>esse</span> <span class='ocrx_word' id='word_1_262' title='bbox 1147 2177 1155 2184; x_wconf 92' lang='lat'><strong>.</strong></span> <span class='ocrx_word' id='word_1_263' title='bbox 1188 2146 1333 2197; x_wconf 87' lang='lat' dir='ltr'>diuque</span> <span class='ocrx_word' id='word_1_264' title='bbox 1354 2154 1381 2181; x_wconf 79' lang='lat' dir='ltr'>f.</span> <span class='ocrx_word' id='word_1_265' title='bbox 1400 2154 1459 2181; x_wconf 69' lang='lat' dir='ltr'>ox!-</span> 
     </span>
     <span class='ocr_line' id='line_1_36' title="bbox 243 2200 1167 2257; baseline -0.002 -13"><span class='ocrx_word' id='word_1_266' title='bbox 243 2205 415 2257; x_wconf 88' lang='lat' dir='ltr'>Corpore</span> <span class='ocrx_word' id='word_1_267' title='bbox 448 2211 598 2245; x_wconf 89' lang='lat' dir='ltr'>mutato</span> <span class='ocrx_word' id='word_1_268' title='bbox 633 2207 728 2245; x_wconf 90' lang='lat' dir='ltr'>rami</span> <span class='ocrx_word' id='word_1_269' title='bbox 760 2205 915 2244; x_wconf 87' lang='lat' dir='ltr'>caluere</span> <span class='ocrx_word' id='word_1_270' title='bbox 947 2210 1128 2243; x_wconf 89' lang='lat' dir='ltr'>recentes</span> <span class='ocrx_word' id='word_1_271' title='bbox 1143 2200 1167 2243; x_wconf 92' lang='lat'>.’</span> 
     </span>
    </p>

    <p class='ocr_par' dir='ltr' id='par_1_19' title="bbox 302 2262 1368 2314">
     <span class='ocr_line' id='line_1_37' title="bbox 302 2262 1368 2314; baseline 0 -12"><span class='ocrx_word' id='word_1_272' title='bbox 302 2263 481 2314; x_wconf 87' lang='lat' dir='ltr'>Dumque</span> <span class='ocrx_word' id='word_1_273' title='bbox 515 2266 638 2303; x_wconf 80' lang='lat' dir='ltr'>refert</span> <span class='ocrx_word' id='word_1_274' title='bbox 670 2264 747 2303; x_wconf 90' lang='lat' dir='ltr'>lole</span> <span class='ocrx_word' id='word_1_275' title='bbox 780 2264 923 2303; x_wconf 82' lang='lat' dir='ltr'>factum</span> <span class='ocrx_word' id='word_1_276' title='bbox 958 2262 1133 2301; x_wconf 87' lang='lat' dir='ltr'>mirabile</span> <span class='ocrx_word' id='word_1_277' title='bbox 1153 2294 1163 2314; x_wconf 85' lang='lat'><em>‚</em></span> <span class='ocrx_word' id='word_1_278' title='bbox 1196 2262 1368 2314; x_wconf 85' lang='lat' dir='ltr'>dumque</span> 
     </span>
    </p>

    <p class='ocr_par' dir='ltr' id='par_1_20' title="bbox 153 2321 1173 2375">
     <span class='ocr_line' id='line_1_38' title="bbox 153 2321 1173 2375; baseline -0.001 -14"><span class='ocrx_word' id='word_1_279' title='bbox 153 2331 220 2362; x_wconf 84' lang='lat'>395</span> <span class='ocrx_word' id='word_1_280' title='bbox 241 2321 451 2375; x_wconf 78' lang='lat' dir='ltr'>Eurytidos</span> <span class='ocrx_word' id='word_1_281' title='bbox 483 2322 661 2362; x_wconf 87' lang='lat' dir='ltr'>lacrimas</span> <span class='ocrx_word' id='word_1_282' title='bbox 695 2322 848 2361; x_wconf 76' lang='lat' dir='ltr'>admoto</span> <span class='ocrx_word' id='word_1_283' title='bbox 880 2322 1019 2374; x_wconf 85' lang='lat' dir='ltr'>pollice</span> <span class='ocrx_word' id='word_1_284' title='bbox 1054 2323 1173 2360; x_wconf 81' lang='lat' dir='ltr'>siccat</span> 
     </span>
    </p>
   </div>
  </div>
 </body>
</html>
