1554 2563
81 105 166 147 204
330 119 472 142 mmmm
632 107 847 141 METAMM
861 132 871 142 .

198 216 351 268 Corpus
382 222 495 255 erat:
527 216 671 256 saliunt
701 222 910 268 temptatae
941 217 1081 269 pollice
1113 229 1255 257 venae.
1292 225 1321 252 1-
1341 225 1403 252 cliii

110 283 177 315 290
197 275 298 314 Tum
329 287 422 314 vero
454 274 625 327 Paphius
656 275 881 327 plenissima
913 277 1085 328 concipit
1115 276 1232 316 heros

198 333 353 386 Verba,
386 333 528 385 quibus
560 333 703 373 Veneri
733 341 863 386 grates
895 336 1001 387 agit,
1033 346 1179 386 oraque
1212 335 1368 374 tandem

199 391 278 431 Ore
309 405 380 431 suo
413 405 491 431 non
523 393 617 432 falsa
648 395 820 445 premit:
852 393 1019 445 dataque
1051 393 1182 432 oscula
1214 395 1321 445 virgo

201 451 362 504 Sensit,
394 456 434 491 et
465 451 653 504 eruhuit,
684 452 943 503 timidumque
975 452 1021 491 ad
1053 451 1199 491 lumina
1230 452 1361 492 lumen

197 510 389 549 Attollens
420 512 568 562 pariter
600 523 689 550 cum
721 511 827 550 caelo
861 511 956 549 vidit
987 517 1203 550 amantem.

111 576 176 608 295
199 568 388 620 Coniugio
407 600 419 622 ,
451 569 556 620 quod
588 569 709 622 fecit,
739 569 851 609 adest
882 569 953 609 dea
973 600 982 608 .
1021 571 1176 621 iamque
1209 571 1354 609 coactis

199 627 392 667 Cornibus
424 629 464 666 in
495 628 655 680 plenum
686 630 848 667 noviens
879 627 1082 668 lunaribus
1115 627 1251 667 orbem
1288 645 1292 649 ‚

200 686 266 725 Illa
298 686 457 738 Paphon
490 688 654 740 genuit,
687 687 734 726 de
767 699 841 738 qua
874 692 984 726 tenet
1015 687 1141 726 insula
1173 699 1338 727 nomen.

257 745 397 784 Editus
428 745 501 785 hac
531 745 595 784 ille
629 751 717 799 est,
749 747 845 798 qui,
878 747 910 785 si
941 747 1026 785 sine
1057 745 1167 798 prole
1199 746 1339 785 fuisset
1350 777 1362 797 ,

198 804 305 843 Inter
338 804 471 843 felices
504 804 665 856 Cinyras
697 806 891 856 potuisset
922 804 1079 844 haberi.

110 871 177 902 300
198 862 288 902 Dira
308 875 442 902 canam
463 894 471 902 .
504 863 642 914 procul
666 863 758 902 hinc
779 870 890 903 natae
908 895 920 916 ‚
951 862 1089 915 procul
1110 868 1193 903 este
1212 868 1418 915 parentes.

196 922 302 974 Aut,
333 934 419 961 mea
450 923 484 961 si
514 928 664 961 vestras
695 922 925 962 mulcebunt
956 923 1127 961 carmina
1157 928 1334 974 mentes,

197 981 306 1020 Desit
336 982 377 1020 in
409 981 481 1020 hac
513 981 607 1020 mihi
639 986 749 1032 parte
782 981 878 1020 fides
896 1013 908 1034 ,
940 993 1012 1020 nec
1045 981 1194 1020 credite
1227 982 1398 1032 factum3

197 1039 295 1093 Vel,
327 1041 360 1078 si
392 1039 591 1092 credetis,
623 1040 715 1079 facti
747 1052 903 1091 quoque
936 1040 1082 1079 credite
1114 1052 1302 1091 poenam.

108 1106 177 1137 304
199 1098 239 1137 Si
271 1103 399 1137 tamen
434 1099 647 1137 admissum
680 1100 773 1138 sinit
804 1099 878 1137 hoc
911 1104 1049 1138 natura
1080 1098 1225 1151 videri,

108 1165 176 1196 306
198 1157 381 1196 Gratulor
412 1157 504 1196 huic
534 1163 663 1196 terrae
682 1189 693 1209 ,
726 1157 829 1208 quod
862 1157 972 1196 abest
1002 1156 1229 1208 regionibus
1261 1157 1362 1210 illis,

198 1215 304 1261 Quae
336 1221 488 1255 tantum
520 1227 692 1268 genuere
725 1217 833 1254 nefas
854 1247 862 1255 .
901 1218 952 1255 sit
983 1216 1090 1255 dives
1122 1227 1297 1269 amomo,

197 1274 461 1325 cinnamaque.
494 1279 726 1325 costumque
758 1287 874 1313 suum
906 1274 1120 1325 sudataque
1152 1274 1256 1325 ligno

196 1333 301 1372 Tura
334 1334 433 1372 serat
453 1365 463 1384 ‚
495 1333 691 1384 floresque
724 1333 818 1372 alios
850 1333 1042 1372 Panchaia
1073 1333 1214 1385 tellus,

108 1400 176 1431 310
196 1391 297 1431 Dum
329 1392 429 1430 serat
461 1397 500 1430 et
530 1403 704 1431 murram
724 1423 732 1431 .
770 1393 868 1431 tanti
899 1404 997 1431 nova
1028 1404 1106 1431 non
1138 1392 1212 1431 suit
1242 1390 1381 1431 arbor.

195 1450 283 1502 Ipse
316 1456 432 1502 negat
462 1452 643 1490 nocuisse
674 1450 747 1490 tibi
778 1462 849 1489 sua
879 1451 956 1490 tela
988 1450 1161 1503 Cupido,

195 1509 350 1561 Myrrha
369 1541 380 1563 ,
411 1510 595 1560 facesque
627 1520 717 1548 suas
749 1521 769 1547 a
801 1511 964 1549 crimine
997 1510 1166 1549 vindicat
1196 1511 1295 1549 isto.

198 1568 339 1619 Stipite
371 1574 410 1607 te
443 1568 576 1619 Stygio
609 1567 849 1619 tumidisque
881 1568 1035 1607 adflavit
1066 1568 1242 1608 echidnis

195 1626 227 1665 E
260 1626 387 1666 tribus
419 1639 496 1666 una
529 1639 641 1666 soror
661 1658 670 1666 .
709 1627 836 1666 scelus
869 1633 930 1666 est
960 1627 1088 1666 odisse
1120 1632 1347 1678 parentem:

107 1694 174 1726 315
195 1685 268 1725 Hic
300 1698 408 1725 amor
441 1691 502 1724 est
533 1685 621 1725 odio
653 1687 778 1725 maius
810 1685 967 1725 scelus.
1006 1685 1179 1737 undique
1210 1685 1300 1725 lecti

196 1744 251 1783 Te
284 1746 449 1796 cupiunt
479 1756 696 1798 proceres,
727 1749 888 1796 totoque
921 1746 1072 1784 oriente
1104 1746 1260 1784 iuventa

195 1803 252 1842 Ad
285 1803 441 1842 thalami
473 1808 672 1842 certam-en
704 1803 840 1842 adest.
879 1815 926 1842 ex
958 1802 1138 1843 omnihus
1168 1815 1290 1842 unum

195 1861 304 1914 Elige
323 1894 334 1915 ,
365 1861 520 1913 Myrrha
538 1893 550 1915 ,
580 1863 707 1901 virum
727 1875 737 1901 ε
769 1862 860 1901 dum
887 1873 936 1900 ne
956 1863 1007 1901 sit
1025 1863 1065 1900 in
1092 1861 1273 1901 omnibus
1293 1873 1418 1901 unus.

195 1920 262 1959 Illa
295 1921 453 1972 quidem
486 1922 633 1973 sentit,
665 1920 857 1971 foedoque
889 1927 1083 1972 repugnat
1114 1922 1260 1971 amori,

107 1987 175 2019 320
195 1979 246 2018 Et
277 1991 411 2018 secum
445 1975 554 2030 “quo
587 1984 717 2018 mente
749 1976 896 2018 feror?
927 1979 1019 2030 quid
1052 1978 1191 2018 molior
1209 1975 1246 2017 ‘?'
1272 1979 1418 2030 inquit:

196 2035 258 2076 ‘Di
275 2070 287 2091 ,
318 2051 461 2090 precor
479 2069 490 2090 ,
522 2043 561 2077 et
591 2037 720 2077 Pietas
739 2069 750 2090 ,
782 2043 1009 2089 sacrataque
1042 2039 1127 2076 iura
1158 2044 1389 2090 parentum,

195 2095 277 2135 Hoc
309 2096 514 2148 prohibete
547 2097 656 2135 nefas
675 2127 686 2149 ,
718 2095 936 2147 scelerique
967 2097 1140 2135 resistite
1172 2102 1330 2136 nostro:

196 2154 237 2193 Si
269 2160 398 2194 tamen
430 2155 504 2194 hoc
536 2155 665 2194 scelus
692 2160 779 2194 est.
817 2155 885 2194 sed
918 2156 1022 2193 enim
1042 2154 1225 2194 damnare
1258 2160 1417 2207 negaret

195 2212 304 2252 Hanc
336 2213 528 2253 Venerem
560 2213 717 2253 Pietas.
756 2219 901 2252 coeunt
931 2213 1108 2252 animalia
1141 2213 1247 2252 nullo

107 2279 174 2311 325
197 2271 335 2311 Cetera
368 2272 543 2325 dilectu,
575 2284 648 2311 nec
679 2271 847 2311 habetur
878 2277 994 2323 turpe
1025 2273 1211 2311 iuvencae

194 2329 314 2369 Ferre
345 2336 498 2382 patrem
531 2337 672 2382 terg03
702 2331 746 2369 fit
777 2342 877 2382 equo
910 2342 979 2370 sua
1011 2330 1087 2369 filia
1119 2332 1311 2384 coniunx,
