1554 2563
599 102 632 136 X
645 127 655 146 ,
683 105 790 136 145-
800 105 867 137 215
882 128 890 136 .
1005 114 1223 136 m'Acm'rnus
1333 99 1414 142 201

114 219 178 252 180
199 211 375 251 Reccidit
406 212 446 250 in
478 210 639 250 solidam
670 211 786 263 longo
818 217 908 263 post
938 216 1114 263 tempore
1147 215 1293 250 terram

199 269 358 309 Pondus
376 302 387 323 ‚
419 276 459 309 et
489 269 664 310 exhibuit
695 272 869 309 iunctam
901 283 990 309 cum
1021 269 1170 309 viribus
1202 275 1348 309 artem.

198 328 383 368 Protinus
415 329 631 380 inprudens
663 334 852 380 actusque
885 328 1067 380 cupidine
1099 329 1209 368 lusus

199 387 353 427 Tollere
385 387 622 427 Taenarides
653 387 790 427 orbem
821 387 1058 439 properabat
1078 419 1086 427 .
1124 393 1163 426 at
1192 386 1303 426 illum

199 446 304 486 Dura
335 458 569 498 repercusso
601 446 768 486 subiecit
799 446 963 486 verbere
994 446 1110 485 tellus

113 513 177 545 185
198 505 243 544 In
275 505 404 545 vultus
424 537 435 559 ‚
465 505 681 557 Hyacinthe
700 537 712 558 ‚
743 512 860 545 tuos.
899 505 1084 557 expalluit
1115 517 1239 556 aeque

199 564 323 610 Quam
354 576 454 616 puer
485 566 569 616 ipse
601 564 698 604 deus
717 596 728 617 ,
760 564 1029 616 collapsosque
1063 565 1208 615 excipit
1238 569 1370 616 artus,

197 622 248 662 Et
278 623 392 662 modo
425 629 463 663 te
494 624 674 676 refovet,
705 623 820 663 modo
852 625 980 663 tristia
1010 622 1170 662 vulnera
1203 623 1346 674 siccat,

200 681 314 721 Nunc
346 683 513 721 animam
545 682 710 722 admotis
742 683 957 733 fugientem
991 683 1160 721 sustinet
1190 680 1346 720 herbis.

197 740 259 780 Nil
289 747 457 792 prosunt
488 747 621 794 artes3
653 746 737 781 erat
767 740 1038 780 inmedicabile
1070 740 1233 779 vulnus.

112 808 178 840 190
197 799 249 839 Ut
297 800 417 852 siquis
465 799 585 839 violas
616 801 777 851 riguove
809 812 977 852 papaver
1007 801 1048 838 in
1080 799 1194 838 horto

199 858 374 910 Liliaque
406 859 621 912 infringat,
655 858 789 909 [fulvis
821 859 1022 898 haerentia
1053 858 1169 909 lignis

198 917 368 957 Marcida
401 917 610 957 demittant
641 917 772 957 subito
806 923 923 969 caput
952 917 1015 956 illa
1047 922 1273 969 gravatum,

198 976 279 1016 Nec
312 989 353 1016 se
386 978 635 1030 sustineant,
667 982 924 1029 spectentque
958 977 1160 1015 cacumine
1192 982 1360 1027 terram3

201 1035 265 1074 Sic
296 1035 426 1075 vultus
458 1035 649 1086 moriens]
682 1037 782 1074 iacet
814 1041 853 1074 et
884 1035 1035 1074 desecta
1066 1036 1199 1086 vigore

113 1102 178 1134 195
202 1094 287 1146 {psa
320 1094 394 1133 sibi
426 1101 487 1133 est
518 1096 629 1133 oneri
661 1096 792 1133 cervix
823 1106 1039 1144 umeroque
1072 1091 1288 1132 recumbit.

201 1151 416 1206 “Laberis‚
448 1152 632 1192 Oebalide
651 1185 662 1205 ‚
694 1154 818 1204 prima
850 1152 1028 1192 fraudate
1059 1153 1216 1191 iuventa
1229 1148 1255 1204 ‚'

201 1212 385 1251 Phoebus
417 1213 470 1251 ait
502 1209 708 1263 ‘videoque
740 1219 852 1251 tuum
871 1243 883 1265 ‚
914 1223 1000 1250 mea
1037 1212 1201 1250 crimina
1219 1241 1230 1262 ‚
1262 1208 1424 1249 vulnus.

200 1270 260 1310 Tu
292 1270 402 1309 dolor
434 1282 475 1309 es
508 1271 737 1322 facinusque
770 1283 931 1310 meum:
963 1282 1048 1309 mea
1081 1269 1241 1308 dextera
1271 1268 1348 1307 leto

200 1329 453 1369 inscribenda
485 1335 552 1369 tuo
585 1329 674 1369 est!
707 1342 778 1381 ego
811 1342 898 1369 sum
930 1329 1001 1369 tibi
1033 1329 1184 1368 funeris
1216 1333 1353 1367 auctor
1368 1323 1408 1366 .''

112 1396 180 1428 200
203 1388 329 1439 [Quae
362 1400 448 1427 mea
480 1388 593 1440 culpa
625 1394 755 1428 tamen
774 1386 795 1427 P
827 1389 903 1427 nisi
935 1389 968 1427 si
999 1387 1140 1426 lusisse
1173 1387 1304 1425 vocari

202 1447 324 1498 Culpa
356 1452 515 1500 potest,
547 1449 621 1485 nisi
654 1447 768 1498 culpa
798 1452 930 1498 potest
961 1452 1001 1485 et
1032 1457 1182 1485 amasse
1213 1445 1367 1483 vocari.

200 1507 327 1557 Atque
359 1507 509 1545 utinam
540 1507 680 1544 merito
712 1507 853 1558 vitam,
885 1511 1064 1545 tecumve
1096 1504 1235 1543 liceret

203 1563 410 1603 Reddere!
444 1564 547 1615 quod
581 1565 764 1615 quoniam
797 1564 902 1603 fatali
932 1564 1018 1615 lege
1050 1569 1257 1615 tenemur,

203 1624 367 1675 Semper
399 1624 476 1663 eris
509 1635 663 1662 mecum
682 1654 693 1676 ‚
724 1624 967 1674 memorique
998 1621 1178 1661 haerebis
1210 1623 1250 1660 in
1283 1633 1374 1660 ore.

114 1691 181 1722 205
202 1682 257 1722 Te
289 1682 370 1734 lyra
401 1682 512 1733 pulsa
545 1694 662 1721 manu
680 1713 691 1734 ,
723 1687 761 1721 te
794 1683 965 1721 carmina
997 1687 1131 1720 nostra
1163 1679 1381 1719 sonabunt:

203 1741 372 1792 Flosque
404 1753 528 1779 novus
561 1742 707 1792 scripto
740 1742 908 1792 gemitus
939 1739 1144 1779 imitabere
1177 1744 1357 1778 nostros.

203 1800 376 1851 Tempus
408 1805 448 1838 et
478 1799 572 1838 illud
606 1801 709 1852 erit,
742 1812 818 1850 quo
851 1811 893 1838 se
925 1799 1162 1838 fortissimus
1193 1797 1311 1837 heros

204 1858 329 1898 Addat
359 1860 399 1897 in
430 1858 536 1898 hunc
567 1858 734 1910 florem,
767 1858 936 1909 folioque
968 1857 1120 1909 legatur
1152 1856 1291 1896 eodem
1305 1853 1345 1895 .''

204 1917 311 1956 Talia
342 1916 435 1957 dum
468 1929 558 1956 vero
592 1923 860 1956 memorantur
884 1916 1072 1968 Apollinis
1105 1927 1173 1954 ore
1186 1914 1215 1968 ‚]

116 1985 184 2016 210
203 1976 305 2016 Ecce
338 1988 456 2015 cruor
474 2008 485 2029 ,
517 1978 585 2027 qui
616 1977 728 2015 susus
759 1975 878 2015 humo
904 1976 1123 2026 signaverat
1146 1973 1313 2026 herbas,
1344 1981 1363 2008 5·-
1384 1981 1428 2007 ο]-

204 2035 356 2074 Desinit
387 2047 473 2074 esse
506 2047 624 2074 cruor
643 2066 654 2087 ,
685 2034 882 2086 Tyrioque
914 2035 1102 2073 nitentior
1134 2038 1241 2072 ostro

205 2093 294 2133 Flos
325 2095 452 2133 oritur
471 2125 482 2147 ,
514 2094 757 2145 formamque
790 2094 893 2144 capit
925 2104 1041 2144 quam
1072 2091 1150 2131 lilia
1168 2123 1179 2144 ‚
1211 2092 1245 2130 si
1276 2103 1354 2130 non

208 2152 439 2204 Purpureus
471 2152 579 2192 color
611 2152 671 2191 his
690 2184 702 2204 ,
734 2157 944 2203 argenteus
976 2157 1082 2190 esset
1112 2152 1152 2189 in
1184 2149 1283 2189 illis.

208 2210 312 2261 [Non
344 2212 438 2251 satis
469 2210 544 2250 hoc
575 2210 734 2250 Phoebo
767 2216 829 2250 est
860 2231 915 2238 —
947 2211 981 2249 is
1013 2211 1117 2249 enim
1149 2209 1224 2247 fuit
1254 2214 1391 2248 auctor

1160 2267 1323 2306 honoris
1356 2265 1430 2316 —]

118 2337 186 2368 215
207 2329 294 2381 Ipse
327 2340 420 2369 suos
451 2329 619 2383 gemitus
647 2328 748 2368 foliis
780 2327 990 2380 inscribit,
1022 2333 1061 2367 et
1091 2326 1140 2366 AI
1171 2325 1220 2364 AI
