1554 2563
133 106 218 147 280
385 117 541 140 emmens
713 102 927 137 METAMM
941 131 948 138 .

250 216 389 265 Fitque
422 213 529 252 color
561 214 687 265 primo
718 212 865 252 turbati
896 212 1068 252 fluminis
1100 213 1248 267 imbre,

162 283 229 314 890
249 274 523 324 Purgaturque
550 283 687 311 mora.
725 277 809 311 tum
840 271 962 310 moles
994 277 1117 311 taetra
1149 273 1336 326 dehiscit,

250 331 420 382 Vivaque
452 342 523 382 per
554 332 672 369 rimas
703 342 947 382 proceraque
979 332 1106 382 surgit
1135 330 1338 384 harundo,

251 391 383 441 Osque
416 401 551 428 cavum
584 390 665 427 saxi
697 394 808 427 sonat
840 388 1124 428 exsultantibus
1156 389 1295 430 undis:

252 449 427 499 Miraque
459 460 553 500 res,
585 447 714 486 subito
747 446 873 486 media
906 453 1021 487 tenus
1053 449 1182 487 extitit
1212 448 1294 487 alvo

256 507 453 546 incinctus
484 507 637 545 iuvenis
669 506 778 544 flexis
812 518 909 544 nova
941 518 1088 546 cornua
1120 508 1278 560 cannis,

165 575 231 606 895
254 566 329 611 Qui
348 597 359 618 ‚
391 566 466 603 nisi
500 564 602 616 quod
635 566 757 603 maior
776 597 787 616 ‚
819 564 922 615 quod
954 570 1036 604 toto
1069 565 1249 606 caerulus
1281 577 1372 618 ore,

249 625 337 664 Acis
370 629 481 662 erat.
509 644 563 650 —
591 623 658 662 sed
691 624 746 662 sic
779 635 935 674 quoque
969 629 1052 662 erat
1083 629 1212 663 tamen
1245 623 1363 677 Acis,
1395 625 1434 662 in

1080 694 1232 721 amnem
1281 691 1311 717 f.
1329 691 1470 718 clxxxiv.

253 741 430 794 Versus3
462 746 501 780 et
532 742 735 792 antiquum
767 746 982 780 tenuerunt
1012 740 1171 780 flumina
1204 752 1347 781 nomen
1361 739 1386 781 .'

308 799 486 839 Desierat
517 798 672 838 Galatea
702 799 839 852 loqui3
872 805 1066 851 coetuque
1099 799 1226 839 soluto

250 858 492 911 Discedunt,
523 858 763 910 placidisque
796 863 931 897 natant
961 858 1149 897 Nereides
1181 858 1319 898 undis:

165 926 232 958 900
254 917 381 969 Scylla
412 916 543 956 redit.
581 929 709 967 neque
741 918 846 956 enim
877 916 1005 955 medio
1038 929 1079 956 se
1113 917 1274 956 credere
1305 924 1428 968 ponto

250 976 404 1028 Audet,
436 981 476 1015 et
506 980 573 1014 aut
603 974 735 1014 bibula
766 976 850 1014 sine
882 975 1056 1014 vestibus
1089 981 1194 1014 errat
1224 975 1392 1028 harena,

251 1035 358 1087 Aut,
389 1033 458 1073 ubi
488 1034 627 1073 lassata
661 1039 750 1087 est,
782 1034 965 1073 seductos
997 1039 1109 1073 nacta
1140 1046 1321 1073 recessus

251 1093 425 1144 Gurgitis
444 1124 455 1145 ‚
486 1092 636 1132 inclusa
668 1104 736 1131 sua
770 1091 944 1131 membra
975 1093 1183 1144 refrigerat
1213 1093 1338 1132 unda.

253 1151 356 1190 Ecce
388 1152 490 1190 freto
523 1150 694 1189 stridens
713 1182 724 1203 ,
756 1150 822 1190 alti
854 1163 977 1190 novus
1008 1151 1134 1190 incola
1165 1153 1276 1203 ponti

162 1218 229 1249 905
249 1209 384 1261 Nuper
415 1211 455 1248 in
487 1208 661 1248 Euboica
692 1211 816 1248 versis
848 1209 1080 1249 Anthedone
1111 1209 1321 1263 membris,

250 1268 419 1307 Glaucus
451 1267 590 1319 adest,
621 1268 804 1318 visaeque
837 1268 1018 1319 cupidine
1050 1269 1212 1319 virginis
1244 1268 1403 1321 haeret,

249 1326 300 1366 Et
331 1338 602 1377 quaecumque
633 1331 744 1377 putat
775 1327 990 1377 fugientem
1021 1339 1136 1377 posse
1169 1328 1339 1380 morari,

249 1383 376 1423 Verba
408 1385 558 1423 refert.
597 1385 697 1435 fugit
727 1384 790 1423 illa
816 1389 945 1423 tamen
964 1416 975 1437 ,
1006 1385 1195 1436 veloxque
1228 1387 1368 1424 timore

251 1443 438 1482 Pervenit
468 1444 508 1482 in
541 1455 737 1482 summum
769 1444 887 1494 positi
918 1455 1041 1495 prope
1072 1443 1187 1482 litora
1218 1446 1385 1483 montis.

161 1511 230 1541 910
249 1502 349 1541 Ante
380 1502 526 1541 fretum
559 1506 648 1553 est3
679 1503 817 1552 ingens
849 1502 999 1553 apicem
1031 1501 1219 1541 collectus
1250 1504 1291 1541 in
1323 1515 1444 1542 unum

249 1560 406 1612 Longus
438 1560 485 1599 ab
518 1559 755 1611 aequoribus
787 1572 983 1599 convexus
1015 1561 1055 1599 in
1087 1572 1256 1612 aequora
1287 1566 1444 1601 vertex.

250 1619 434 1658 Constitit
464 1618 528 1658 hic
547 1650 558 1671 ,
589 1623 629 1657 et
659 1623 742 1657 tuta
774 1618 860 1657 loco
878 1650 889 1671 ,
921 1624 1193 1658 monstrumne
1212 1651 1223 1672 ,
1255 1619 1403 1659 deusne

249 1677 316 1717 Ille
349 1678 428 1729 sit,
460 1678 645 1728 ignorans
663 1708 674 1729 ,
706 1676 999 1727 admiraturque
1032 1677 1204 1717 colorem

251 1735 551 1787 caesariemque
582 1747 741 1774 umeros
773 1734 1026 1786 subiectaque
1058 1741 1168 1787 terga
1199 1742 1421 1790 tegentem,

162 1802 228 1834 915
249 1794 470 1845 Ultimaque
503 1795 670 1845 excipiat
701 1793 805 1845 quod
837 1793 979 1832 tortilis
1011 1795 1170 1845 inguina
1201 1796 1344 1846 piscis.

250 1852 412 1905 Sensit,
444 1858 483 1891 et
513 1853 685 1891 innitens
703 1883 715 1904 ,
747 1864 846 1903 quae
879 1851 1004 1891 stabat
1034 1855 1238 1906 proxima,
1270 1853 1386 1907 moli,

251 1909 352 1950 ‘Non
385 1923 456 1962 ego
487 1910 711 1962 prodigium
742 1922 815 1950 nec
848 1923 934 1949 sum
966 1910 1048 1949 fera
1079 1910 1193 1950 belua
1211 1943 1222 1964 ,
1253 1913 1386 1965 virgo,

250 1969 327 2009 Sed
360 1966 472 2008 deus'
504 1971 633 2020 inquit
664 1966 830 2020 eaquae:
862 1981 935 2008 nec
966 1970 1090 2008 maius
1121 1971 1162 2008 in
1194 1982 1363 2021 aequora

1306 2028 1473 2069 Proteus

250 2087 316 2126 Ius
347 2086 465 2126 habet
496 2092 535 2126 et
566 2086 704 2125 Triton
735 2086 1128 2137 Athamantiadesque
1160 2086 1390 2126 Palaemon.

163 2152 230 2184 920
249 2145 348 2184 Ante
380 2150 511 2184 tamen
543 2144 717 2183 mortalis
750 2157 886 2198 eram,
924 2145 993 2184 sed
1025 2145 1175 2184 scilicet
1205 2145 1291 2184 altis

250 2202 413 2242 Deditus
445 2202 712 2255 aequoribus3
744 2204 819 2242 iam
850 2208 935 2242 tum
967 2202 1177 2242 exercebar
1209 2205 1249 2242 in
1280 2203 1377 2243 illis.

250 2260 347 2299 Nam
378 2261 492 2300 modo
525 2261 715 2300 ducebam
747 2261 928 2300 duce-ntia
959 2263 1056 2300 retia
1088 2263 1239 2314 pisces,

251 2318 364 2357 Nunc
395 2321 435 2358 in
468 2319 569 2358 mole
602 2320 742 2359 sedens
775 2319 1005 2359 moderabar
1036 2319 1254 2359 harundine
1286 2320 1431 2360 linum.
