1554 2563
147 124 203 166 90
374 137 521 159 pensans
694 121 908 156 METAMM

264 234 475 285 Postquam
507 231 752 272 exhalantem
783 231 856 271 sub
889 231 1029 271 acerbo
1062 230 1223 271 vulnere
1256 232 1371 270 vitam

266 292 487 344 Deploravit
518 291 635 330 Athin
654 323 665 343 ‚
697 302 795 342 quos
826 290 890 330 ille
923 289 1145 330 tetenderat
1175 301 1289 328 arcus

263 352 412 402 Arripit
442 356 482 389 et
513 347 682 389 ‘mecum
714 349 786 388 tibi
817 350 896 388 sint
927 350 1139 388 certamina
1151 345 1178 401 ,⁹
1212 348 1307 387 dixit

199 417 243 449 65
265 407 361 448 ‘Nec
392 409 551 460 longum
581 410 697 460 pueri
729 408 805 446 fato
838 406 1032 446 laetabere
1051 438 1062 459 ‚
1094 419 1170 458 quo
1203 407 1289 458 plus

265 467 463 520 Invidiae,
496 479 611 518 quam
648 466 773 506 laudis
804 465 924 504 habes
945 462 969 505 .'
1007 466 1103 505 haec
1141 467 1270 504 omnia
1312 464 1483 504 nondum

264 526 449 578 Dixerat,
482 526 642 565 emicuit
673 537 792 565 nervo
824 523 1067 576 penetrabile
1099 523 1244 576 telum,

265 584 512 636 vitatumque
544 589 674 623 tamen
707 585 864 623 sinuosa
896 589 1003 622 veste
1035 583 1243 635 pependit.

263 643 390 683 Vertit
419 645 459 682 in
491 643 596 682 hunc
627 642 776 694 harpen
807 647 1021 694 spectatam
1053 641 1170 681 caede
1202 640 1384 680 Medusae

201 710 245 742 '10
264 701 551 741 Acrisioniades
569 733 581 754 ‚
613 701 809 752 adigitque
841 702 880 740 in
912 706 1079 752 pectus.
1117 705 1156 739 at
1186 699 1249 738 ille

264 761 343 800 lam
374 762 577 814 moriens,
609 759 732 799 oculis
765 758 838 798 sub
870 765 984 798 nocte
1018 758 1240 798 natantibus
1273 764 1379 811 atra,

265 819 552 871 Circumspexit
582 818 699 858 Athin
717 849 728 871 ‚
759 830 880 869 seque
913 817 1115 857 acclinavit
1144 819 1185 856 in
1216 817 1349 869 illum,

264 878 314 917 Et
344 878 434 917 tulit
464 877 511 917 ad
544 888 676 916 manes
708 878 863 916 iunctae
895 876 1036 915 solacia
1068 877 1225 915 mortis.

265 936 366 976 Ecce
400 936 580 988 Syenites
599 967 610 988 ‚
641 937 797 987 genitus
828 934 997 975 Metione
1016 966 1027 988 ,
1060 934 1233 973 Phorbas

202 1003 244 1035 75
265 995 315 1035 Et
345 995 461 1046 Libys
493 994 776 1047 Amphimedon
795 1025 806 1046 ,
838 994 937 1033 avidi
970 995 1214 1033 committere
1246 1005 1439 1045 pugnam,

265 1053 461 1106 Sanguine
481 1085 492 1106 ,
524 1065 601 1105 quo
633 1053 708 1092 late
740 1052 855 1092 tellus
887 1053 1102 1092 madefacta
1133 1051 1313 1105 tepebat,

265 1112 526 1152 Conciderant
557 1111 683 1164 laps-i.
723 1111 976 1162 surgentibus
1009 1110 1161 1150 obstitit
1192 1112 1321 1164 ensis,

264 1171 434 1210 Alterius
467 1172 586 1210 costis
605 1202 616 1222 ‚
647 1170 780 1221 iugulo
812 1170 1046 1209 Phorbantis
1079 1169 1266 1209 adactus.

264 1230 313 1269 At
343 1242 422 1269 non
453 1229 664 1268 Actoriden
695 1228 860 1279 Erytum
879 1260 890 1280 ,
922 1230 985 1268 cui
1016 1227 1092 1267 lata
1123 1227 1303 1279 bipennis

199 1297 244 1328 80
264 1288 402 1327 Telum
434 1293 546 1340 erat,
579 1287 731 1327 hamato
763 1286 932 1326 Perseus
963 1288 1061 1339 petit
1092 1298 1185 1325 ense
1204 1318 1215 1339 ,
1246 1286 1314 1325 sed
1347 1285 1433 1327 altis

263 1346 470 1386 Extantem
502 1347 623 1398 signis
655 1357 890 1396 murraeque
922 1346 964 1384 in
994 1345 1169 1397 pondera
1201 1357 1326 1384 massa

264 1406 467 1457 Ingentem
498 1404 677 1444 manibus
709 1404 809 1443 tollit
840 1410 992 1443 cratera
1023 1403 1198 1456 duabus,

264 1464 486 1515 Inssigitque
518 1465 631 1502 viro.
669 1463 831 1502 rutilum
862 1464 982 1502 vomit
1013 1462 1077 1501 ille
1109 1473 1290 1501 cruorem

264 1522 313 1562 Et
343 1523 554 1574 resupinus
586 1522 749 1561 humum
774 1520 1007 1560 moribundo
1041 1522 1186 1560 vertice
1217 1520 1367 1572 pulsat.

200 1589 244 1621 65
265 1580 360 1620 Inde
393 1580 622 1620 Semiramio
655 1579 939 1632 Polydaemona
970 1580 1160 1631 sanguine
1192 1584 1345 1619 cretum

265 1639 573 1691 Caucasiumque
605 1638 750 1678 Abarin
783 1637 1172 1690 Sperchionidenque
1204 1636 1393 1690 Lycetum

264 1698 545 1749 Intonsumque
578 1709 708 1737 comas
739 1696 915 1736 Helicem
945 1696 1219 1748 Phlegyanque
1253 1695 1486 1748 Clytumque

265 1756 444 1809 Sternit,
476 1762 516 1795 et
547 1761 748 1795 extructos
778 1756 1016 1794 morientum
1049 1755 1170 1794 caleat
1201 1766 1384 1794 acervos.

263 1814 344 1854 Nec
368 1814 541 1853 Phineus
573 1826 690 1854 ausus
723 1825 962 1853 concurrere
993 1814 1211 1852 comminus
1242 1813 1368 1866 hosti,

199 1881 244 1913 90
263 1873 469 1924 Intorquet
499 1872 699 1912 iaculum:
731 1872 835 1923 quod
867 1871 1006 1911 detulit
1038 1883 1150 1911 error
1180 1873 1221 1911 in
1252 1872 1369 1925 Idan,

263 1931 475 1983 Expertem
506 1932 652 1971 frustra
683 1929 774 1969 belli
805 1935 844 1970 et
875 1936 1015 1970 neutra
1046 1941 1152 1969 arma
1183 1936 1385 1970 secutum.

265 1990 332 2029 Ille
364 1995 480 2029 tuens
513 1989 635 2029 oculis
667 1990 843 2028 inmitem
875 1988 1022 2027 Phinea
1054 1990 1174 2027 torvis

265 2045 605 2100 ‘Quandoquidem
636 2049 677 2086 in
708 2044 854 2099 partes'
888 2048 938 2086 ait
972 2043 1192 2086 ‘abstrahor
1213 2078 1224 2096 ‚
1256 2049 1418 2101 accipe,

1310 2106 1485 2157 Phineu,

264 2165 389 2212 Quem
409 2167 538 2205 fecisti
557 2165 733 2219 hostem,
759 2176 958 2216 pensaque
978 2164 1053 2203 hoc
1072 2164 1232 2204 vulnere
1253 2161 1409 2204 vulnus'
1431 2186 1485 2193 -—

202 2232 246 2263 95
268 2224 425 2276 Iamque
457 2225 698 2264 remissurus
729 2228 899 2263 tractum
931 2222 979 2261 de
1011 2234 1177 2274 corpore
1209 2222 1331 2262 telum

264 2282 460 2334 Sanguine
493 2282 667 2322 defectos
699 2281 841 2321 cecidit
873 2280 1065 2332 collapsus
1096 2282 1136 2320 in
1168 2287 1300 2320 artus.

263 2340 363 2380 Tum
402 2353 556 2392 quoque
590 2340 816 2393 Cephenum
848 2345 936 2391 post
974 2351 1106 2390 regem
1143 2341 1293 2392 primus
1325 2338 1486 2380 Hodites
