1554 2563
590 105 640 141 VI
656 131 667 149 ,
692 109 878 141 553-624
893 133 901 141 .
1013 117 1209 140 Pfflnom-:LA
1334 104 1415 145 123

190 215 314 256 Nocte
346 222 458 256 sonat
489 216 678 268 Rhodope
711 215 917 255 tinnitibus
949 216 1050 254 aeris
1083 216 1209 254 acuti:

103 282 171 315 590
190 274 313 314 Nocte
346 287 416 314 sua
447 282 509 314 est
540 287 696 327 egressa
727 274 842 313 domo
874 276 1037 326 regina,
1069 274 1210 325 deique

191 333 347 373 Ritibus
378 335 590 374 instruitur
608 366 620 387 ,
652 332 883 385 furialiaque
915 335 1056 384 accipit
1087 344 1216 371 arma:

192 392 277 432 Vite
310 399 428 444 caput
460 394 635 445 tegitur,
666 392 778 431 lateri
811 392 967 431 cervina
999 393 1160 430 sinistro

191 450 343 491 Vellera
374 452 625 504 dependent,
657 463 794 490 umero
826 450 921 490 levis
952 450 1113 490 incubat
1144 449 1275 488 hasta.

193 509 353 550 Concita
385 523 457 562 per
488 510 602 549 silvas
636 509 750 549 turba
782 511 994 549 comitante
1026 521 1186 548 suarum

105 577 172 608 595
192 569 398 608 Terribilis
430 568 585 621 Progne
617 569 810 620 furiisque
843 570 985 620 agitata
1017 567 1187 619 doloris,

191 627 343 667 Bacche
362 660 373 680 ,
405 634 491 667 tuas
523 627 708 667 simulat.
746 628 852 666 venit
883 626 930 665 ad
950 626 1101 665 stabula
1129 627 1210 665 avia
1238 623 1417 677 tandem,

191 686 454 738 Exululatque
472 718 483 739 ,
516 687 721 738 euhoeque
754 692 894 738 sonat,
926 692 1139 737 portasque
1172 685 1354 736 refringit

192 745 503 797 Germanamque
535 747 666 797 rapit,
698 751 909 797 raptaeque
942 745 1108 795 insignia
1140 742 1283 782 Bacchi

192 804 324 844 Induit
342 837 353 857 ,
384 811 425 844 et
455 804 586 844 vultus
617 804 853 843 hederarum
885 803 1091 842 frondibus
1123 802 1253 854 abdit,

105 872 173 903 600
192 864 484 915 Attonitamque
516 863 677 903 trahens
708 865 811 902 intra
844 874 913 901 sua
944 864 1098 901 moenia
1130 861 1261 900 ducit.

196 922 244 962 Ut
275 923 399 962 sensit
431 924 605 973 tetigisse
637 922 796 961 domum
827 920 1041 960 Philomela
1072 919 1302 971 nefandam,

193 981 358 1021 Horruit
387 981 522 1020 infelix
554 986 717 1032 totoque
750 980 937 1032 expalluit
966 992 1058 1019 ore.

194 1040 314 1080 Nacta
345 1040 475 1079 locum
506 1040 660 1091 Progne
694 1051 897 1079 sacrorum
928 1040 1091 1090 pignera
1123 1038 1266 1089 demit,

195 1099 351 1151 Oraque
384 1099 536 1138 develat
567 1100 732 1138 miserae
765 1097 993 1150 pudibunda
1024 1098 1197 1149 sororis,

108 1166 174 1198 605
195 1158 465 1210 Amplexuque
497 1159 623 1209 petit.
662 1157 731 1197 sed
762 1169 841 1196 non
874 1156 1051 1196 attollere
1084 1160 1221 1195 contra

196 1218 374 1257 Sustinet
404 1217 500 1256 haec
533 1216 666 1256 oculos
686 1249 696 1269 ‚
727 1216 864 1268 paelex
896 1215 971 1254 sibi
1002 1216 1083 1254 visa
1114 1214 1286 1253 sororis:

195 1276 433 1327 Deiectoque
465 1278 505 1315 in
536 1276 699 1315 humum
732 1275 841 1315 vultu
872 1276 1004 1314 iurare
1036 1273 1182 1312 volenti

194 1335 428 1386 Testarique
461 1335 554 1374 deos
573 1367 584 1387 ‚
615 1347 687 1387 per
718 1335 795 1373 vim
827 1333 902 1373 sibi
934 1333 1106 1372 dedecus
1137 1331 1233 1371 illud

197 1393 350 1434 matum
370 1426 380 1446 ,
413 1406 483 1446 pro
516 1406 610 1433 voce
644 1405 781 1432 manus
814 1393 915 1431 fuit.
954 1391 1095 1443 ardet,
1126 1396 1166 1430 et
1196 1392 1294 1429 iram

109 1462 176 1493 610
196 1453 283 1492 Non
315 1454 419 1504 capit
449 1454 533 1504 ipsa
565 1464 674 1491 suam
706 1451 862 1503 Progne
881 1483 892 1503 ,
923 1450 1138 1501 fletumque
1171 1449 1318 1488 sororis

198 1512 425 1564 Corripiens
458 1508 552 1550 ‘non
585 1516 646 1550 est
675 1510 846 1549 lacrimis
877 1506 967 1548 hoc’
1000 1509 1129 1559 inquit
1159 1504 1369 1558 ‘agendum
1379 1536 1390 1557 ,

198 1570 275 1610 Sed
307 1570 413 1610 ferro
432 1601 444 1621 ,
475 1569 544 1609 sed
575 1569 704 1621 siquid
735 1568 855 1608 habes
874 1600 885 1620 ,
917 1567 1021 1619 quod
1052 1568 1209 1605 vincere
1240 1566 1391 1604 ferrum

199 1629 357 1670 Possit.
395 1630 437 1668 in
468 1640 583 1667 omne
616 1628 725 1667 nefas
758 1640 829 1679 ego
861 1638 924 1666 me
943 1658 955 1679 ‚
986 1637 1199 1677 germana,
1230 1624 1384 1676 paravi.

198 1689 275 1728 Aut
307 1700 378 1739 ego
397 1719 408 1740 ,
441 1699 530 1727 cum
562 1686 712 1726 facibus
744 1685 888 1738 regalia
920 1690 1022 1724 tecta
1054 1695 1256 1735 cremaro,

111 1757 177 1788 615
198 1747 399 1787 Artificem
430 1745 569 1786 mediis
601 1747 794 1785 inmittam
825 1744 950 1783 Terea
981 1743 1169 1795 flammis,

198 1807 276 1846 Aut
305 1805 479 1857 linguam
510 1810 578 1845 aut
609 1804 743 1844 oculos
771 1810 811 1843 et
830 1815 928 1855 quae
951 1801 1021 1842 tibi
1040 1801 1216 1841 membra
1235 1800 1427 1853 pudorem

199 1864 458 1904 Abstulerunt
475 1895 486 1917 ‚
518 1864 624 1902 ferro
656 1864 803 1914 rapiam
821 1894 833 1915 ‚
865 1866 932 1901 aut
961 1873 1034 1913 per
1064 1860 1226 1899 vulnera
1257 1859 1362 1899 mille

202 1923 364 1963 Sontem
396 1924 563 1962 animam
595 1922 814 1974 expellam.
854 1931 1036 1971 magnum
1070 1918 1346 1970 quodcumque

1274 1988 1429 2028 paravi:

202 2041 304 2087 Quid
336 2043 416 2094 sit,
448 2040 574 2081 adhuc
607 2039 743 2080 dubito
765 2036 790 2078 .’
827 2039 978 2091 peragit
1011 2037 1104 2077 dum
1130 2036 1219 2076 talia
1250 2035 1429 2088 Progne,

114 2108 182 2140 620
202 2100 258 2139 Ad
291 2106 457 2139 matrem
488 2098 670 2138 veniebat
700 2098 808 2150 Itys.
847 2098 941 2148 quid
966 2097 1121 2148 possit,
1153 2094 1201 2134 ab
1232 2094 1298 2134 illo

201 2159 408 2198 Admonita
440 2164 528 2198 est.
567 2157 770 2208 oculisque
802 2162 917 2195 tuens
949 2153 1153 2194 inmitibus
1186 2150 1222 2192 ‘a
1241 2184 1252 2205 ,
1285 2164 1400 2205 quam

202 2217 254 2256 Es
286 2217 422 2256 similis
454 2218 557 2268 patri
570 2213 596 2256 ξ’
628 2217 725 2255 dixit
744 2247 753 2254 .
791 2227 863 2254 nec
894 2214 1008 2266 plura
1039 2213 1169 2252 locuta

202 2276 333 2315 Triste
364 2281 477 2328 parat
507 2275 660 2314 facinus
692 2275 887 2324 tacitaque
921 2277 1122 2312 exaestuat
1152 2273 1234 2311 ira.

203 2333 253 2374 Ut
284 2340 414 2374 tamen
446 2335 612 2373 accessit
643 2338 757 2373 natus
776 2364 788 2385 ,
814 2332 1008 2385 matrique
1039 2330 1206 2370 salutem
