1554 2563
599 101 650 136 IV
669 129 679 146 ,
706 105 888 137 209—281
906 129 913 137 .
1084 115 1206 137 emme
1379 101 1432 142 73

121 218 190 251 245
210 211 273 250 Nil
304 211 370 250 illo
403 212 530 250 fertur
561 211 765 250 volucrum
796 211 1020 250 moderator
1053 223 1245 262 equorum

209 270 304 309 Post
334 269 624 308 Phaethonteos
655 270 798 309 vidisse
824 270 1020 309 dolentius
1051 271 1184 321 ignes.

208 328 276 367 Ille
309 329 468 379 quidem
499 328 646 380 gelidos
678 328 877 367 radiorum
908 328 1057 367 viribus
1090 335 1198 368 artus

211 386 252 426 Si
284 393 401 438 queat
432 389 472 425 in
503 389 632 426 vivum
651 419 662 440 ,
695 392 887 439 temptat,
918 399 1102 426 revocare
1134 387 1327 427 calorem.

210 444 287 484 Sed
321 447 503 496 quoniam
535 447 653 484 tantis
679 446 801 484 satum
833 446 1038 485 conatibus
1070 445 1220 498 obstat,

123 511 191 543 250
211 504 378 543 Nectare
411 504 572 543 odorato
606 506 752 556 sparsit
783 516 1006 555 corpusque
1038 504 1271 557 locumque,

209 563 406 614 Multaque
437 569 698 614 praequestus
730 560 898 614 “tanges
930 569 1058 602 tamen
1091 560 1280 602 aethera”
1316 563 1433 602 dixit.

209 622 396 661 Protinus
429 621 623 661 imbutum
655 621 813 661 caelesti
844 627 1003 660 nectare
1037 634 1181 673 corpus

209 680 368 720 Dilicuit
398 686 622 731 terramque
655 693 725 720 suo
758 680 966 719 madefecit
997 681 1140 732 odore;
1248 689 1276 715 f.
1296 689 1427 719 xxxviii.

209 738 404 790 virgaque
435 751 507 791 per
538 739 693 791 glaebas
726 741 872 778 sensim
903 739 1100 778 radicibus
1133 741 1228 778 actis

121 804 189 836 255
209 797 339 837 Turea
371 799 573 850 surrexit,
604 798 879 848 tumulumque
913 799 1114 837 cacumine
1147 800 1276 849 rupit.

269 857 318 895 At
350 856 499 908 Clytien
519 888 530 910 ‚
563 858 738 907 quamvis
770 868 878 895 amor
910 869 1098 895 excusare
1130 856 1329 909 dolorem,

210 914 483 966 Indiciumque
515 915 627 954 dolor
658 921 841 967 poterat,
872 927 951 953 non
984 915 1149 966 amplius
1181 921 1318 954 auctor

208 973 326 1013 Lucis
358 974 437 1012 adit
467 973 708 1025 Venerisque
741 973 899 1012 modum
931 973 1006 1012 sibi
1036 974 1129 1012 fecit
1160 975 1200 1012 in
1230 973 1316 1013 illa.

210 1032 354 1071 Tabuit
385 1045 431 1071 ex
462 1033 558 1085 illo,
590 1033 793 1071 dementer
825 1032 1023 1070 amoribus
1054 1044 1125 1070 usa

122 1099 191 1130 260
210 1091 386 1143 Nympha
405 1122 416 1144 ,
446 1103 586 1142 parum
625 1093 807 1143 patiens3
839 1095 879 1130 et
910 1090 983 1129 sub
1014 1078 1103 1129 Iove
1140 1096 1256 1129 nocte
1295 1090 1435 1142 dieque

212 1150 322 1189 Sedit
352 1150 471 1188 humo
504 1151 637 1202 nuda,
669 1150 784 1189 nudis
816 1150 1014 1202 incompta
1046 1149 1217 1200 capillis.

211 1209 366 1259 Perque
399 1220 538 1247 novem
570 1208 679 1247 luces
711 1220 851 1259 expers
882 1208 1088 1258 undaeque
1121 1207 1276 1259 cibique

211 1267 316 1306 Rore
348 1279 456 1306 mero
488 1267 738 1318 lacrimisque
770 1268 853 1305 suis
883 1267 1028 1305 ieiunia
1059 1268 1186 1319 pavit,

211 1326 292 1364 Nec
323 1338 366 1364 se
398 1327 517 1364 movit
547 1326 696 1364 humo.
735 1330 887 1364 tantum
919 1325 1120 1376 spectabat
1151 1326 1280 1363 euntis

123 1391 191 1423 265
212 1384 290 1423 Ora
322 1384 413 1437 dei,
445 1385 655 1435 vultusque
688 1396 780 1423 suos
811 1383 994 1422 flectebat
1024 1384 1071 1422 ad
1103 1383 1235 1422 illum.

211 1442 384 1482 Membra
416 1443 549 1482 ferunt
578 1443 750 1481 haesisse
783 1442 895 1495 solo,
925 1448 1156 1493 partemque
1188 1441 1330 1480 coloris

212 1501 382 1540 Luridus
415 1513 631 1552 exsangues
663 1501 787 1552 pallor
819 1502 1013 1539 convertit
1043 1502 1083 1538 in
1115 1500 1281 1552 herbas3

212 1560 284 1599 Est
314 1561 354 1598 in
386 1565 497 1611 parte
529 1559 652 1598 rubor
670 1591 681 1612 ,
712 1559 912 1609 violaeque
945 1558 1167 1597 simillimus
1198 1570 1266 1596 ora

212 1619 301 1657 Flos
321 1619 419 1669 tegit
438 1649 446 1657 .
478 1617 541 1656 illa
562 1629 677 1656 suum
689 1649 700 1670 ‚
722 1619 896 1668 quamvis
916 1617 1046 1656 radice
1067 1622 1225 1656 tenetur
1238 1649 1248 1668 ‚
1271 1626 1300 1652 f.
1319 1626 1435 1651 xxxix.

125 1684 194 1716 270
214 1677 389 1716 Vertitur
422 1676 468 1715 ad
502 1676 633 1715 Solem
651 1708 663 1728 ‚
694 1681 920 1726 mutataque
953 1681 1082 1714 servat
1112 1687 1285 1714 amorem
1299 1672 1323 1714 .'

273 1735 461 1788 Dixerat,
492 1741 532 1774 et
563 1735 708 1773 sactum
740 1734 916 1773 mirabile
949 1739 1107 1786 ceperat
1138 1746 1275 1773 aureS.

214 1794 311 1833 Pars
343 1795 428 1833 fieri
459 1795 634 1845 potuisse
668 1799 838 1844 negant.
876 1805 967 1844 pars
998 1794 1127 1831 omnia
1158 1805 1272 1831 veros

213 1852 334 1891 Posse
366 1852 460 1891 deos
492 1857 712 1890 memorant
731 1883 739 1890 .
779 1851 846 1890 sed
879 1864 957 1890 non
990 1857 1049 1890 est
1068 1851 1245 1890 Bacchus
1271 1853 1311 1890 in
1337 1851 1435 1891 illis.

213 1911 395 1950 Poscitur
426 1911 602 1949 Alcithoe
621 1942 633 1964 ‚
664 1916 872 1962 postquam
903 1909 1048 1949 siluere
1080 1922 1260 1949 sorores.

125 1976 193 2008 275
215 1970 324 2015 Quae
356 1969 464 2008 radio
497 1971 636 2008 stantis
667 1981 906 2020 percurrens
938 1969 1102 2007 stamina
1132 1967 1231 2007 telae

214 2025 413 2078 ‘Vulgatos
445 2025 570 2066 taceo’
604 2027 701 2066 dixit
733 2024 916 2079 ‘pastoris
943 2039 1095 2065 amores
1338 2036 1368 2061 τ.
1388 2035 1437 2060 11.

213 2085 426 2137 Daphnidis
456 2086 559 2124 ldaei
578 2118 589 2138 ‚
621 2098 738 2137 quem
770 2085 937 2136 nymphe
970 2085 1129 2136 paelicis
1161 2085 1218 2123 ira

214 2144 388 2183 Contulit
419 2145 459 2183 in
491 2156 656 2184 saxum:
687 2150 818 2183 tantus
851 2143 961 2182 dolor
994 2145 1074 2182 urit
1105 2149 1300 2182 amantes.

213 2202 294 2241 Nec
326 2202 494 2256 loquor,
525 2208 570 2241 ut
602 2202 796 2254 quondam
828 2208 988 2241 naturae
1021 2203 1107 2241 iure
1139 2207 1280 2241 novato
1325 2210 1354 2237 f.
1373 2209 1435 2237 xli.

127 2267 196 2300 280
215 2260 430 2311 Ambiguus
463 2261 583 2299 fuerit
613 2261 728 2299 modo
760 2262 848 2314 vir,
880 2260 994 2299 modo
1027 2261 1172 2299 femina
1204 2259 1365 2300 Sithon.

214 2319 271 2358 Te
302 2331 482 2372 quoque,
513 2331 618 2358 nunc
651 2319 835 2373 adamas,
866 2319 1063 2371 quondam
1087 2319 1274 2358 fidissime
1293 2331 1437 2371 parve,
