1554 2563
629 131 680 167 IX
693 160 702 177 ‚
729 136 913 168 214—286
930 160 938 168 .
1064 144 1238 167 amentes
1368 131 1444 173 18]

227 241 308 281 Nec
340 243 415 281 nisi
446 248 621 282 materna
652 242 857 282 vulcanum
891 248 1001 294 parte
1033 248 1233 294 potentem

230 300 409 340 Sentiet.
449 307 654 340 aeternum
687 307 746 340 est
777 313 797 339 a
830 313 890 339 me
924 301 1028 352 quod
1060 302 1207 353 traxit,
1239 306 1279 339 et
1310 313 1450 353 expers

227 359 353 410 Atque
386 361 545 398 inmune
580 361 687 398 necis
705 391 716 412 ‚
748 359 931 411 nullaque
964 359 1154 399 domabile
1188 359 1362 399 flamma.

230 417 350 468 quue
384 430 454 469 ego
488 418 718 457 defunctum
751 424 854 457 terra
888 418 1122 457 caelestibus
1155 420 1234 457 oris

141 483 207 515 255
227 477 424 528 Accipiam
443 508 454 529 ,
486 478 718 528 cunctisque
751 489 882 516 meum
913 477 1090 516 laetabile
1124 477 1269 516 sactum

228 534 294 573 Dis
327 536 411 573 sore
443 535 624 574 confido.
664 537 787 586 siquis
820 542 948 574 tamen
982 535 1150 574 Hercule
1169 568 1180 587 ‚
1212 537 1334 586 siquis

228 592 346 632 Forte
380 593 452 633 deo
485 594 680 633 doliturus
713 596 818 647 erit,
850 594 936 633 data
962 595 1134 646 praemia
1166 594 1295 647 nolet,

230 651 305 690 Sed
339 654 531 691 meruisse
563 652 646 691 dari
678 654 804 705 sciet,
836 654 1059 704 invitusque
1092 652 1273 704 probabit
1287 649 1311 691 .’

231 711 446 750 Assensere
478 711 570 750 dei.
609 713 780 750 coniunx
813 724 970 762 quoque
1002 713 1108 762 regia
1140 713 1218 750 visa
1253 717 1313 750 est

142 777 209 808 250
230 769 368 809 Cetera
401 782 479 808 non
512 770 610 809 duro
630 802 641 822 ‚
673 770 771 809 duro
804 776 933 809 tamen
967 770 1101 809 ultima
1133 769 1242 809 vultu

229 827 339 867 Dicta
372 829 509 868 tulisse
542 828 642 867 Iovis
661 861 672 881 ,
704 841 825 880 seque
857 829 1071 868 indoluisse
1105 835 1299 868 notatam.

230 886 385 926 Interea
418 887 693 938 quodcumque
726 888 801 926 fuit
832 887 1053 939 populabile
1086 888 1285 940 flammae,

230 945 422 985 Mulciber
455 945 698 986 abstulerat:
730 958 803 985 nec
836 946 1106 997 cognoscenda
1139 948 1327 985 remansit

230 1003 410 1044 Herculis
444 1005 592 1056 efligies
612 1037 623 1057 ‚
655 1017 728 1043 nec
761 1007 969 1056 quicquam
1010 1005 1056 1043 ab
1095 1006 1261 1056 imagine
1295 1005 1453 1044 ductum

145 1070 210 1101 265
231 1062 366 1102 Matris
399 1062 517 1102 habet
535 1095 546 1116 ‚
577 1069 810 1114 tantumque
843 1063 943 1102 Iovis
976 1065 1136 1115 vestigia
1170 1070 1320 1102 servat.

231 1121 360 1172 thue
394 1133 517 1160 novus
549 1134 713 1174 serpens
745 1123 871 1173 posita
904 1134 992 1161 cum
1026 1122 1124 1173 pelle
1159 1129 1315 1162 senecta

231 1179 448 1219 Luxuriare
481 1180 608 1233 solet,
640 1193 879 1231 squamaque
912 1183 1038 1219 virere
1072 1182 1246 1220 recenti:

233 1238 297 1277 Sic
329 1238 396 1277 ubi
428 1239 612 1278 mortales
644 1239 871 1290 Tirynthius
904 1242 1012 1278 exuit
1043 1246 1175 1292 artus,

231 1297 346 1336 Parte
380 1299 441 1336 sui
473 1297 635 1336 meliore
666 1299 799 1350 viget,
831 1300 1032 1349 maiorque
1066 1298 1188 1337 videri

144 1363 210 1395 270
232 1355 370 1407 Coepit
400 1361 440 1394 et
470 1362 632 1407 augusta
665 1357 749 1395 fieri
782 1358 969 1407 gravitate
1002 1357 1222 1396 verendus.
1267 1366 1295 1391 t.
1315 1365 1454 1392 cxxxvi:-

233 1414 358 1460 Quem
390 1420 500 1465 pater
533 1417 781 1466 omnipotens
815 1417 916 1454 inter
948 1427 1038 1454 cava
1071 1415 1203 1454 nubila
1237 1422 1390 1467 raptum

234 1472 473 1524 Quadriiugo
507 1486 627 1512 curru
659 1473 900 1512 radiantibus
933 1473 1065 1512 intulit
1096 1475 1234 1513 astris.

294 1531 425 1570 Sensit
467 1531 573 1570 Atlas
617 1531 799 1583 pondus.
851 1544 978 1582 neque
1022 1531 1148 1571 adhuc
1188 1531 1435 1571 Stheneleius

1187 1592 1264 1629 iras

237 1648 414 1687 Solverat
444 1648 690 1699 Eurystheus
710 1680 720 1700 ,
753 1648 964 1700 odiumque
998 1650 1037 1687 in
1070 1649 1178 1700 prole
1211 1656 1418 1701 paternum

147 1714 213 1746 275
233 1706 454 1746 Exercebat
486 1713 624 1746 atrox,
664 1713 702 1745 at
733 1707 858 1758 longis
890 1708 1002 1746 anxia
1034 1709 1140 1746 curis

234 1765 386 1816 Argolis
412 1765 596 1805 Alcmene
615 1797 626 1818 ‚
652 1771 816 1816 questus
848 1765 915 1804 ubi
946 1772 1066 1817 ponat
1097 1766 1242 1818 aniles,

237 1823 308 1863 Cui
340 1824 486 1863 referat
517 1825 595 1863 nati
630 1830 793 1863 testatos
825 1823 919 1862 orbe
953 1824 1130 1876 labores,

236 1881 356 1922 Cuive
390 1895 484 1922 suos
516 1894 660 1935 casus,
692 1881 796 1921 Iolen
831 1881 975 1922 habet.
1014 1882 1194 1922 Herculis
1227 1882 1330 1922 illam

236 1940 415 1992 Imperiis
448 1941 694 1992 thalamoque
726 1942 933 1991 animoque
966 1947 1171 1992 receperat
1202 1941 1360 1993 Hyllus,

149 2007 215 2039 280
235 1999 496 2051 impleratque
529 2005 685 2039 uterum
718 2011 909 2050 generoso
942 2002 1118 2038 semine.
1158 2012 1248 2038 cum
1281 2001 1336 2039 sic

236 2057 378 2109 Incipit
410 2058 622 2097 Alcmene:
655 2055 824 2096 ‘faveant
855 2057 926 2096 tibi
957 2059 1117 2097 numina
1150 2058 1311 2110 saltem,

237 2115 536 2168 Corripiantque
569 2129 697 2155 moras
729 2122 812 2155 tum
845 2128 935 2155 cum
966 2122 1117 2155 matura
1149 2116 1305 2156 vocabis

236 2174 503 2226 Praepositam
535 2175 680 2214 timidis
712 2174 955 2226 parientibus
988 2175 1202 2227 Ilithyiam,

238 2234 360 2278 Quam
395 2233 488 2272 mihi
520 2233 717 2272 difficilem
750 2233 910 2272 Iunonis
941 2235 1064 2284 gratia
1096 2234 1210 2273 fecit.

151 2299 218 2330 285
238 2291 414 2342 Namque
447 2290 646 2331 laboriferi
680 2304 767 2330 cum
801 2293 876 2330 iam
909 2292 1046 2330 natalis
1078 2292 1233 2331 adesset

238 2349 418 2389 HerculiS
451 2356 490 2389 et
521 2350 715 2389 decimum
748 2357 997 2401 premeretur
1029 2351 1156 2389 sidere
1190 2352 1367 2401 signum,
