1554 2563
87 133 144 176 54
323 145 453 167 semem
638 131 850 166 METAMM
866 158 873 166 .

205 243 435 298 Formarat„
474 248 586 294 rogat
615 242 679 282 illa
710 241 840 281 Iovem
871 243 956 282 sine
988 243 1144 281 nomine
1177 254 1343 293 munus3

206 302 277 341 Cui
309 301 406 340 deus
439 297 554 353 ‘elige
572 298 599 354 ,'
632 302 685 340 ait
716 297 876 340 ‘nullam
907 302 1056 352 patiere
1089 300 1308 352 repulsam.

117 369 184 400 290
206 360 371 411 Quoque
402 361 524 411 magis
556 359 723 412 credas,
756 358 879 411 Stygii
911 371 1068 411 quoque
1100 360 1256 398 conscia
1288 364 1403 398 sunto

205 418 371 458 Numina
403 420 592 458 torrentis
610 450 622 471 ,
653 419 771 457 timor
802 424 842 457 et
872 417 970 457 deus
1001 417 1065 457 ille
1098 417 1262 457 deorum
1276 414 1300 456 .’

207 477 322 517 Laeta
353 477 453 516 malo
485 478 727 528 nimiumque
759 482 900 528 potens
930 477 1186 528 perituraque
1218 478 1380 516 amantis

206 535 404 587 Obsequio
438 535 590 575 Semele
623 533 793 587 ‘qualem
826 532 1024 574 Saturnia'
1056 535 1152 574 dixit

207 592 277 634 ‘Te
309 594 409 633 solet
440 594 651 647 amplecti,
677 593 840 633 Veneris
872 605 963 633 cum
994 594 1132 633 foedus
1164 596 1297 646 initis,

118 662 184 693 295
206 653 258 692 Da
291 653 387 693 mihi
417 658 456 692 te
487 653 604 692 talem
619 649 643 692 .'
682 653 804 692 voluit
835 652 932 692 deus
965 665 1033 691 ora
1063 652 1261 704 loquentis

206 712 468 764 opprimere:
500 713 648 751 exierat
678 713 754 750 iam
785 723 858 750 vox
888 717 1098 763 properata
1129 711 1202 751 sub
1234 723 1370 751 auras.

206 771 428 823 Ingemuit3
459 783 587 822 neque
619 771 723 810 enim
754 782 833 809 non
865 770 961 810 haec
993 776 1178 823 optasse,
1205 783 1333 821 neque
1365 769 1428 809 ille

205 829 290 868 Non
322 831 474 869 iurasse
505 834 665 880 potest.
704 841 797 880 ergo
830 830 1115 868 maestissimus
1149 829 1269 868 altum

207 888 373 927 Aethera
404 887 663 940 conscendit,
695 887 883 939 vultuque
915 889 1122 939 sequentia
1147 889 1265 927 traxit

117 956 185 987 300
206 946 343 986 Nubila
362 979 374 1000 ,
406 948 494 998 quis
524 945 678 986 nimbos
709 947 949 997 inmixtaque
982 945 1136 997 fulgura
1168 947 1293 985 ventis

206 1005 363 1044 Addidit
393 1012 433 1045 et
463 1007 634 1045 tonitrus
666 1011 706 1044 et
735 1004 957 1044 inevitabile
989 1004 1161 1045 fulmen.

207 1065 291 1110 Qua
322 1070 451 1103 tamen
484 1076 610 1114 usque
642 1069 801 1116 potest,
832 1064 934 1103 vires
966 1062 1041 1103 sibi
1061 1063 1219 1104 demere
1240 1069 1426 1115 temptat3

205 1123 315 1174 Nec,
348 1134 424 1174 quo
458 1124 722 1162 centimanum
754 1121 952 1162 deiecerat
982 1124 1071 1173 igne
1104 1122 1310 1174 Typhoea,

205 1181 319 1220 Nunc
351 1187 524 1220 armatur
557 1193 633 1220 eo:
665 1182 829 1220 nimium
861 1181 1027 1220 feritatis
1059 1182 1098 1219 in
1131 1180 1197 1220 illo
1230 1188 1310 1220 est.

117 1248 185 1280 305
206 1239 278 1279 Est
309 1239 412 1279 aliud
444 1239 567 1278 levius
600 1239 747 1279 fulmen
766 1271 777 1292 ,
809 1240 873 1279 cui
905 1239 1041 1278 dextra
1073 1238 1285 1291 Cyclopum

207 1299 395 1338 Saevitiae
421 1299 677 1349 flammaeque
709 1299 840 1337 minus
865 1330 876 1350 ,
907 1295 1048 1337 minus'
1070 1297 1217 1337 addidit
1247 1299 1351 1349 irae3

204 1356 297 1396 Tela
329 1356 500 1396 secunda
530 1362 671 1396 vocant
702 1357 865 1408 superi.
903 1358 1007 1408 capit
1037 1356 1100 1395 illa
1119 1388 1130 1409 ‚
1161 1355 1399 1407 domumque

207 1416 331 1455 Intrat
361 1416 632 1467 Agenoream.
671 1427 817 1466 corpus
848 1414 1010 1454 mortale
1042 1414 1235 1465 tumultus

205 1473 290 1513 Non
323 1474 412 1513 tulit
443 1473 667 1526 aetherios,
699 1473 890 1524 donisque
922 1472 1115 1525 iugalibus
1147 1475 1265 1513 arsit.

117 1541 185 1573 310
205 1533 452 1584 inperfectus
484 1531 610 1571 adhuc
642 1533 769 1571 infans
800 1533 1011 1583 genetricis
1042 1531 1089 1571 ab
1121 1531 1204 1571 alvo

204 1591 381 1643 Eripitur
398 1623 410 1644 ‚
440 1593 647 1643 patrioque
667 1597 780 1631 tener
800 1611 856 1618 —-
876 1591 910 1630 si
929 1590 1092 1630 credere
1113 1590 1274 1642 dignum
1294 1596 1353 1629 est
1374 1612 1421 1618 —

206 1650 380 1689 Insuitur
412 1650 551 1689 femori
583 1654 836 1701 maternaque
868 1654 1046 1701 tempora
1078 1649 1268 1700 complet.

205 1708 356 1748 Furtim
387 1708 497 1747 illum
521 1709 658 1760 primis
690 1707 758 1747 Ino
791 1713 1000 1747 matertera
1033 1710 1145 1747 cunis

203 1765 385 1806 Educat:
416 1767 505 1806 inde
538 1767 672 1806 datum
703 1764 894 1818 nymphae
925 1766 1114 1817 Nyseides
1146 1768 1269 1805 antris

116 1833 184 1865 315
206 1824 425 1864 Occuluere
451 1826 534 1864 suis
566 1824 755 1875 lactisque
788 1824 970 1864 alimenta
1002 1824 1168 1864 dedere.

263 1883 442 1935 Dumque
474 1895 519 1922 ea
549 1895 621 1935 per
652 1889 778 1922 terras
810 1882 915 1922 fatali
946 1882 1031 1934 lege
1063 1889 1279 1934 geruntur,

205 1942 384 1993 Tutaque
411 1941 470 1980 bis
503 1943 624 1993 geniti
656 1947 748 1980 sunt
777 1940 1014 1981 incunabula
1043 1940 1209 1994 Bacchi,

205 2000 321 2039 Forte
355 2000 483 2039 Iovem
516 2006 762 2051 memorant,
794 1999 979 2038 diffusum
1004 2005 1162 2039 nectare
1181 2031 1193 2052 ‚
1225 2011 1338 2038 curas

205 2059 437 2110 Seposuisse
470 2071 635 2112 graves,
667 2069 865 2109 vacuaque
897 2059 1064 2109 agitasse
1095 2060 1282 2097 remissos

115 2126 184 2157 320
205 2117 303 2156 Cum
335 2117 483 2156 Iunone
515 2118 623 2156 iocos
655 2122 696 2156 et
727 2113 866 2155 ‘maior
897 2121 1027 2155 vestra
1057 2117 1235 2168 profecto
1268 2121 1350 2165 est,

204 2175 328 2221 Quam
361 2188 460 2227 quae
493 2176 685 2227 contingit
715 2171 903 2214 maribus’
936 2174 1081 2213 dixisse
1114 2172 1307 2226 ‘voluptas
1321 2171 1345 2213 .'

203 2233 270 2272 Illa
303 2240 446 2284 negat.
484 2234 659 2286 placuit,
691 2245 790 2285 quae
817 2234 868 2272 sit
898 2234 1092 2272 sententia
1124 2233 1230 2272 docti

204 2292 403 2337 Quaerere
435 2291 638 2331 Tiresiae:
664 2291 794 2331 Venus
824 2290 917 2330 huic
949 2297 1034 2330 erat
1065 2297 1232 2342 utraque
1258 2297 1370 2330 nota.

203 2349 299 2389 Nam
332 2350 407 2388 duo
442 2362 671 2401 magnorum
704 2349 818 2389 virIdi
850 2350 1031 2388 coeuntia
1063 2349 1156 2388 silva
1297 2357 1410 2382 hux

1513 2361 1536 2471 ιζ

1510 2475 1532 2563 ..i
