1554 2563
1268 133 1372 170 XVII

31 247 219 285 xandriae
255 259 334 285 non
370 246 486 286 modo
523 248 616 285 tura
652 246 905 296 interpolari,
947 246 1016 285 sed
1048 246 1170 285 etiam
1206 245 1288 295 legi
1322 245 1371 284 ab

30 305 248 355 opificibus.
298 305 537 355 pervulgata
568 306 655 344 erat
684 305 822 343 fabula
853 305 1068 343 Euhemeri
1093 305 1141 343 de
1160 304 1372 353 Panchaia,

31 364 162 402 derisa
181 376 205 402 a
225 364 420 402 Strabone
451 377 515 413 pp.
540 365 634 413 104,
667 365 764 413 299,
796 366 1104 402 commemorata
1127 363 1232 412 apud
1251 363 1373 401 Euse-

32 422 141 460 bium
172 422 313 472 Praep.
345 435 403 461 ev.
436 430 470 460 11
499 424 541 472 2,
578 436 615 471 p.
636 423 709 470 59,
756 424 962 461 recantata
1005 422 1110 470 apud
1153 421 1374 460 Diodorum

31 481 126 520 olim
157 481 259 519 libro
293 489 352 530 VI,
390 492 493 519 nunc
525 489 553 520 V
573 482 641 530 41,
678 480 748 518 ubi
782 481 885 530 legis
917 481 1161 530 descriptum
1193 479 1372 529 λιβανω-

30 536 125 587 τόν,
167 552 284 589 quem
321 539 519 577 Panchaei
559 536 795 588 κομίζουειν
833 535 891 578 εἰς
931 536 980 578 τὸ
1019 538 1154 587 πέραν
1186 537 1253 577 καὶ
1285 549 1372 577 πω-

31 596 147 637 λοῦει
179 598 269 637 τοῖς
300 597 386 636 τῶν
406 593 597 646 Ἀράβων
628 594 829 645 ἐμπόροις
861 596 945 636 κτλ.
978 598 1113 647 itaque
1145 598 1180 635 si
1206 597 1373 636 Ovidius

30 669 120 695 eum
153 656 331 706 Vergffio
371 657 593 695 Panchaiae
630 656 774 694 tribuit
804 665 835 694 X
862 658 965 706 309,
1002 656 1294 694 Achaemeniae
1325 664 1374 695 IV

33 716 116 753 ‘212
158 717 258 765 255,
298 714 478 765 Assyriis
517 724 580 754 XV
601 716 704 765 394,
749 717 931 754 auctores
976 715 1089 764 sequi
1131 715 1281 764 potuit;
1326 715 1375 753 de

30 774 326 812 Nasamonibus
351 786 447 811 num
478 774 675 824 habuerit,
706 773 772 812 vix
803 774 937 812 refert.
976 774 1081 823 quod
1113 785 1268 812 acervos
1294 773 1375 812 tolli

31 832 143 883 dicit,
181 833 365 871 convenit
401 845 490 870 cum
527 833 601 882 eis,
646 845 746 882 quae
790 832 838 870 de
875 844 1004 871 messe
1043 833 1125 871 sive
1163 832 1375 882 vindemia,

32 903 151 940 quam
182 892 288 941 dicit,
320 891 472 929 Plinius
504 891 630 929 tradit
660 900 728 929 XII
750 892 803 929 58
838 891 887 929 ad
921 893 986 930 63.
1107 887 1191 929 301
1225 890 1374 929 AUXE-

33 958 158 989 RUNT
186 958 440 989 VOLUCRUM
472 957 644 988 VICTAE
678 958 950 988 CERTAMINE
984 957 1186 988 TURBAM.
1223 961 1375 997 vereor,

31 1021 80 1047 ne
124 1009 409 1058 interpolatum
451 1009 525 1047 hoc
569 1009 638 1047 sit:
689 1009 730 1046 M
774 1010 979 1047 certamine
1015 1020 1184 1056 poenam
1227 1008 1375 1046 habere

32 1067 202 1118 videtur,
233 1067 337 1117 quod
370 1067 588 1116 acceperim
611 1078 799 1117 pennam,
838 1067 1064 1116 significatu
1096 1079 1159 1117 eo,
1198 1079 1275 1117 quo
1313 1068 1375 1105 est

34 1126 249 1176 singularis
287 1126 393 1175 apud
424 1125 564 1163 Silium
601 1134 654 1164 111
676 1127 760 1164 344
792 1137 946 1174 pennae
976 1136 1168 1174 saqacem‚
1207 1125 1375 1174 pluralis

33 1184 139 1234 apud
170 1185 423 1234 Propertium
454 1193 502 1223 IV
526 1186 579 1223 10
614 1187 679 1234 11,
718 1184 885 1222 Va1.F1.
906 1193 921 1222 I
943 1186 1039 1223 234.
1155 1181 1238 1223 387
1274 1191 1375 1223 cYc-

34 1251 207 1282 NORUM.
263 1255 469 1292 cyynorum
512 1244 690 1292 oportuit
727 1243 942 1282 secundum
979 1243 1031 1281 M.
1182 1239 1268 1281 390
1301 1251 1375 1280 TY-

35 1308 418 1341 BIOS-FLORES.
472 1302 530 1340 ita
560 1302 618 1351 M,
657 1302 726 1340 sed
757 1314 781 1340 a
813 1302 932 1340 sciolo
964 1301 1170 1340 inductum
1200 1303 1297 1351 puto
1330 1313 1376 1339 ex

36 1369 84 1399 IX
111 1362 214 1410 340,
256 1361 339 1399 fere
382 1362 428 1399 ut
463 1361 506 1398 in
541 1361 679 1399 eodem
716 1360 757 1398 M
795 1362 857 1400 est
893 1369 979 1399 VIII
1001 1361 1084 1398 568
1123 1360 1215 1399 Zeleae
1244 1361 1376 1408 pariis

36 1421 125 1470 iam,
158 1419 427 1469 superscripto
460 1420 568 1468 albis,
601 1419 762 1469 scilicet,
795 1419 887 1469 quia
917 1420 975 1457 ita
1005 1419 1212 1457 inventum
1242 1419 1376 1457 fuerat

35 1487 88 1516 111
108 1480 191 1517 419
226 1490 245 1516 e
267 1480 384 1526 pario
416 1478 538 1526 (albo)
572 1489 774 1517 marmore..
895 1475 981 1516 460
1013 1485 1268 1524 APTUMQUE
1301 1486 1376 1516 Pu-

35 1545 150 1576 Dom
188 1537 358 1575 NOMEN
394 1545 563 1574 HABET.
618 1537 677 1575 ita
713 1537 771 1586 M,
815 1547 886 1575 nec
923 1536 1087 1574 dubium
1130 1536 1289 1574 videtur
1327 1536 1376 1574 de

35 1596 343 1645 interpolatione
380 1595 538 1645 vulgati
577 1596 703 1633 colori.
752 1595 857 1634 stelio
896 1594 1001 1644 apud
1039 1595 1272 1644 Apuleium,
1308 1598 1376 1634 ste-

36 1655 203 1693 limatus
250 1654 387 1692 multis
431 1653 593 1703 Ulpiani
635 1654 749 1704 locis,
799 1666 967 1703 quorum
1010 1653 1101 1703 Dig.
1140 1661 1226 1692 XIII
1254 1654 1277 1692 7
1320 1655 1374 1692 36

36 1713 222 1752 Edictum
256 1713 566 1763 interpretatur,
603 1720 664 1750 XL
688 1714 740 1751 79
771 1714 968 1761 yraviores
1005 1712 1261 1762 adlegantur,
1299 1724 1378 1751 non

38 1774 130 1810 sunt
170 1772 402 1821 posterioris
441 1772 529 1810 aevi
559 1771 763 1810 vocabula.
914 1767 999 1809 536
1030 1771 1375 1810 POENICEUM—

38 1839 214 1881 Bonum,
240 1830 526 1877 GLUPTAQUE
554 1838 788 1868 CALLENTI
806 1850 870 1867 —.
911 1829 1135 1868 Poeniceum
1160 1830 1212 1881 M,
1237 1832 1284 1869 ut
1308 1830 1377 1868 ali-

38 1889 232 1939 quotiens,
264 1889 368 1939 quod
399 1889 538 1938 sciam;
576 1897 643 1927 XII
667 1890 747 1928 104
781 1889 939 1938 quidem
969 1888 1168 1927 Phenicen.
1233 1888 1379 1936 Glupta

38 1948 180 1997 scripsi
210 1960 282 1997 pro
299 1947 464 1996 Sumpta
493 1948 698 1998 librorum,
731 1947 836 1997 quod
867 1959 954 1986 esse
985 1947 1198 1996 oportebat
1227 1959 1377 1986 sumen·

39 2007 101 2055 da,
133 2006 167 2045 si
197 2006 421 2056 proprietas
447 2007 685 2056 requiratur.
723 2005 864 2044 deinde
889 2006 1053 2054 pallenti
1077 2006 1183 2043 libri.
1232 2006 1379 2044 mirum

39 2077 200 2114 pomum
229 2065 461 2104 versicolor:
498 2077 591 2103 nam
620 2065 706 2114 ipse
737 2066 872 2103 cortex
903 2066 980 2114 est,
1019 2065 1086 2113 qui
1117 2065 1271 2115 rubeat,
1301 2064 1379 2103 nisi

39 2123 143 2162 forte
162 2123 212 2162 ab
231 2123 421 2162 interiore
451 2126 566 2173 parte
591 2124 733 2172 pallet‚·
764 2123 917 2161 Plinius
943 2122 1038 2172 quid
1063 2122 1170 2161 dicat
1194 2132 1258 2162 XV
1282 2125 1378 2174 100,

39 2193 107 2221 nec
130 2183 226 2221 cutis
249 2182 332 2220 ulla
361 2182 523 2230 sinyulis
546 2185 705 2231 praeter
724 2193 969 2225 communem,
1000 2192 1098 2229 quae
1121 2185 1175 2220 est
1199 2183 1378 2226 candida,

40 2252 119 2279 non
161 2240 260 2279 satis
305 2241 514 2290 perspicio.
575 2242 716 2280 callum
763 2240 869 2278 idem
912 2239 1017 2290 quod
1062 2241 1235 2279 corticem
1277 2241 1378 2279 dixit

41 2298 192 2337 Plinius
224 2307 307 2337 XIX
328 2300 394 2337 33.
455 2299 578 2338 lentus
614 2302 738 2338 cortex
774 2298 880 2337 infra
917 2300 980 2337 est
1009 2307 1041 2336 X
1062 2300 1158 2338 736.
1281 2299 1378 2338 Con-

41 2356 214 2396 iecturae
243 2359 426 2407 receptae
452 2360 545 2396 sunt
570 2359 624 2396 48
647 2357 810 2408 Ungeri,
844 2358 925 2396 163
959 2356 1150 2408 Sucherii,
1181 2359 1263 2396 461
1295 2358 1376 2396 512

104 2423 212 2452 ovn).
231 2425 271 2452 Π.
1071 2423 1096 2455 b
