1554 2563
156 132 236 175 128
417 146 533 168 ΜιῑυεΔ
709 131 923 168 ΜΕΤΑΜΜ
937 159 945 168 .

206 251 250 282 45
271 243 322 283 Ut
353 245 510 282 timeam
541 242 718 282 fraudem
750 244 958 294 meritique
991 242 1130 283 oblivia
1156 245 1303 283 nostri.

272 302 321 341 Et
352 301 458 340 dabit
489 306 577 341 ante
609 301 753 341 fidem.
792 313 1006 353 cogamque
1038 303 1078 341 in
1111 302 1269 342 foedera
1301 308 1426 342 testes

271 361 369 400 Esse
401 360 524 399 deos.
563 362 657 411 quin
690 366 773 400 tuta
805 360 948 400 times!
981 362 1186 412 accingere
1219 367 1258 400 et
1289 372 1443 401 omnem

272 419 377 459 Pelle
410 419 587 459 moram!
620 419 690 458 tibi
722 431 763 458 se
796 431 952 471 semper
983 418 1142 459 debebit
1172 419 1285 458 Iason
1303 451 1314 472 ,

271 479 327 518 Te
359 478 443 517 face
475 478 654 517 sollemni
685 479 821 529 iunget
851 477 925 517 sibi
943 509 955 531 ,
991 490 1143 529 perque
1173 477 1355 530 Pelasgas

209 546 252 576 50
274 537 475 576 Servatrix
506 536 626 577 urbes
657 542 827 576 matrum
859 536 1110 576 celebrabere
1142 536 1280 576 turba.

273 596 376 648 Ergo
408 608 480 647 ego
513 607 737 648 germanam
768 596 1008 647 fratremque
1040 601 1270 647 patremque
1303 596 1474 648 deosque

274 654 324 694 Et
355 654 481 694 natale
512 654 639 694 solum
657 686 668 707 ,
700 656 827 693 ventis
859 653 1007 707 ablata,
1040 651 1294 706 relinquam?

274 713 424 766 Nempe
455 719 567 765 pater
594 725 759 766 saevus,
792 725 932 765 nempe
964 718 1025 752 est
1056 725 1141 752 mea
1173 712 1338 753 barbara
1363 713 1499 767 tellus,

274 773 412 812 Frater
443 772 570 812 adhuc
601 773 759 811 infans.
798 777 903 811 stant
934 784 1088 811 mecum
1120 778 1207 811 vota
1240 774 1410 812 sororis:

211 839 253 869 55
274 831 464 871 Maximus
496 833 598 870 intra
631 843 691 870 me
724 831 821 870 deus
852 836 940 871 est.
980 843 1057 870 non
1091 843 1228 882 magna
1259 830 1498 883 relinquam:

273 890 411 942 Magna
442 901 614 942 sequar:
646 889 805 929 titulum
837 895 1012 929 servatae
1043 888 1160 941 pubis
1192 889 1382 943 Achivae,

275 948 539 1000 Notitiamque
572 948 648 988 loci
680 948 853 988 melioris
872 980 883 1001 ‚
909 954 949 988 et
980 948 1150 1001 oppida,
1183 960 1352 1000 quorum

275 1007 347 1047 Hic
380 1019 535 1059 quoque
569 1008 667 1046 fama
699 1009 830 1060 viget,
863 1007 1070 1058 cultusque
1090 1012 1273 1059 artesque
1300 1007 1499 1060 locorum3

276 1067 480 1117 Quemque
513 1078 584 1118 ego
617 1079 707 1106 cum
739 1065 887 1119 rebuS,
920 1078 1016 1117 quas
1049 1071 1155 1105 totus
1175 1066 1351 1118 possidet
1369 1066 1499 1120 orbis,

213 1134 256 1164 60
276 1125 496 1164 Aesoniden
529 1131 701 1165 mutasse
732 1124 877 1177 velim,
909 1137 986 1176 quo
1019 1126 1183 1176 coniuge
1215 1124 1306 1164 felix

275 1183 326 1223 Et
357 1184 416 1223 dis
449 1196 537 1223 cara
569 1185 673 1223 ferar
704 1189 744 1222 et
775 1185 920 1222 vertice
954 1183 1084 1222 sidera
1116 1189 1294 1235 tangam.

277 1243 378 1288 Quid
398 1274 408 1294 ,
440 1242 545 1293 quod
576 1244 709 1281 nescio
743 1244 809 1292 qui
841 1241 979 1280 mediis
1010 1243 1216 1281 incurrere
1247 1244 1287 1281 in
1319 1242 1434 1282 undis

277 1301 469 1340 Dicuntur
500 1307 654 1340 montes
674 1333 684 1352 ,
716 1300 945 1351 ratibusque
977 1301 1133 1340 inimica
1167 1300 1381 1352 Charybdis

275 1360 389 1400 Nunc
409 1359 571 1399 sorbere
591 1360 736 1398 fretum
755 1392 765 1411 ,
798 1371 901 1398 nunc
922 1358 1086 1398 reddere
1105 1391 1116 1411 ‚
1148 1360 1354 1411 cinctaque
1373 1362 1499 1399 'saevis

213 1427 255 1458 65
278 1418 404 1471 Scylla
436 1430 553 1470 rapax
581 1417 743 1457 canibus
776 1417 907 1457 Siculo
941 1417 1082 1456 latrare
1114 1415 1345 1469 profundo?

276 1477 425 1528 Nempe
445 1483 584 1516 tenens
604 1476 707 1528 quod
729 1488 814 1515 amo
827 1508 837 1528 ,
858 1478 1085 1527 gremioque
1105 1478 1145 1515 in
1166 1475 1314 1516 Iasonis
1334 1477 1499 1516 haerens

276 1536 353 1576 Per
384 1536 483 1575 freta
515 1536 628 1586 longa
660 1536 792 1575 ferar.
831 1534 926 1574 nihil
957 1534 1066 1574 illum
1099 1535 1272 1586 amplexa
1311 1536 1500 1588 verebor;

277 1596 354 1635 Aut
371 1626 382 1646 ,
414 1595 543 1646 siquid
576 1600 746 1633 metuam
765 1626 775 1646 ‚
807 1600 978 1633 metuam
1010 1594 1057 1632 de
1090 1596 1256 1645 coniuge
1289 1594 1393 1635 solo.

278 1654 563 1704 Coniugiumne
595 1658 709 1704 putas
728 1684 739 1705 ,
771 1654 1026 1704 speciosaque
1059 1654 1214 1691 nomina
1247 1653 1381 1704 culpae

215 1720 258 1752 ‘10
278 1713 438 1764 inponis
456 1743 467 1764 ,
499 1711 633 1751 Medea
652 1743 663 1764 ,
695 1717 783 1750 tuae
803 1708 825 1749 *Ρ
858 1712 951 1762 quin
984 1713 1112 1763 aspice
1131 1743 1142 1763 ‚
1169 1717 1357 1762 quantum

277 1770 513 1822 Aggrediare
546 1771 654 1809 nefas
673 1802 685 1822 ,
716 1776 756 1808 et
787 1770 880 1808 dum
912 1769 1003 1808 licet
1021 1801 1032 1821 ,
1064 1771 1191 1820 effuge
1224 1772 1372 1809 crimen
1387 1767 1412 1809 .’

279 1830 410 1868 Dixit:
441 1835 481 1868 et
512 1835 601 1868 ante
633 1828 767 1867 oculos
799 1834 951 1867 rectum
983 1829 1186 1879 pietasque
1217 1828 1422 1880 pudorque

278 1887 573 1940 Constiterant,
605 1894 645 1926 et
675 1888 774 1926 victa
806 1886 921 1925 dabat
951 1888 1028 1925 iam
1059 1893 1168 1938 terga
1201 1886 1372 1939 Cupido.

335 1946 420 1985 Ibat
451 1946 497 1985 ad
530 1948 708 1996 antiquas
740 1944 906 1984 Hecates
938 1944 1146 1984 Perseidos
1178 1957 1288 1998 aras,

214 2013 256 2045 75
278 2005 383 2051 Quas
415 2017 554 2044 nemus
586 2003 816 2043 umbrosum
848 2009 1078 2054 secretaque
1110 2003 1203 2042 silva
1235 2003 1410 2055 tegebat.

277 2063 326 2102 Et
356 2065 432 2103 iam
458 2065 570 2102 fortis
603 2068 715 2114 erat,
746 2062 960 2114 pulsusque
993 2068 1212 2100 recesserat
1243 2063 1382 2102 ardor:

278 2122 375 2161 Cum
407 2122 512 2161 videt
542 2120 762 2161 Aesoniden
781 2152 792 2173 ,
824 2122 1073 2171 extinctaque
1105 2120 1256 2159 namma
1287 2121 1451 2160 reluxit‘

280 2180 504 2229 [Erubuere
537 2191 659 2231 genae
678 2211 689 2232 ,
721 2185 882 2230 totoque
915 2179 1121 2218 recanduit
1151 2191 1220 2218 ore
1239 2210 1250 2232 ,

281 2238 406 2289 thue
439 2239 539 2278 solet
568 2239 695 2277 ventis
727 2238 908 2277 alimenta
940 2249 1171 2289 assumere,
1205 2249 1383 2290 quaeque

213 2305 256 2336 80
276 2296 398 2335 Parva
430 2297 503 2337 sub
535 2297 695 2336 inducta
726 2296 837 2335 latuit
869 2295 1037 2335 scintilla
1069 2295 1218 2349 favilla,

277 2353 464 2394 Crescere
498 2362 538 2394 et
568 2357 608 2394 in
641 2360 793 2394 veteres
826 2355 966 2406 agitata
998 2365 1206 2407 resurgere
1239 2356 1365 2406 vires,
