<?xml version="1.0" encoding="UTF-8"?>
<!DOCTYPE html PUBLIC "-//W3C//DTD XHTML 1.0 Transitional//EN"
    "http://www.w3.org/TR/xhtml1/DTD/xhtml1-transitional.dtd">
<html xmlns="http://www.w3.org/1999/xhtml" xml:lang="en" lang="en">
 <head>
  <title>
</title>
<meta http-equiv="Content-Type" content="text/html;charset=utf-8" />
  <meta name='ocr-system' content='tesseract 3.04.00' />
  <meta name='ocr-capabilities' content='ocr_page ocr_carea ocr_par ocr_line ocrx_word'/>
</head>
<body>
  <div class='ocr_page' id='page_1' title='image "./operaovid02oviduoft_0394.png"; bbox 0 0 1554 2563; ppageno 0'>
   <div class='ocr_carea' id='block_1_1' title="bbox 165 101 958 170">
    <p class='ocr_par' dir='ltr' id='par_1_1' title="bbox 165 101 958 170">
     <span class='ocr_line' id='line_1_1' title="bbox 165 101 958 170; baseline -0.013 0"><span class='ocrx_word' id='word_1_1' title='bbox 165 127 249 170; x_wconf 83' lang='lat'>318</span> <span class='ocrx_word' id='word_1_2' title='bbox 369 101 594 162; x_wconf 52' lang='lat' dir='ltr'>ammom</span> <span class='ocrx_word' id='word_1_3' title='bbox 719 126 958 163; x_wconf 84' lang='lat' dir='ltr'>METAMM.</span> 
     </span>
    </p>
   </div>
   <div class='ocr_carea' id='block_1_2' title="bbox 195 235 1554 2399">
    <p class='ocr_par' dir='ltr' id='par_1_2' title="bbox 195 235 1554 2399">
     <span class='ocr_line' id='line_1_2' title="bbox 284 235 1304 288; baseline -0.001 -12"><span class='ocrx_word' id='word_1_4' title='bbox 284 236 359 277; x_wconf 89' lang='lat' dir='ltr'>Sed</span> <span class='ocrx_word' id='word_1_5' title='bbox 393 236 587 276; x_wconf 84' lang='lat' dir='ltr'>dominam</span> <span class='ocrx_word' id='word_1_6' title='bbox 618 248 753 276; x_wconf 88' lang='lat' dir='ltr'>rerum</span> <span class='ocrx_word' id='word_1_7' title='bbox 787 235 834 275; x_wconf 90' lang='lat' dir='ltr'>de</span> <span class='ocrx_word' id='word_1_8' title='bbox 868 237 1056 288; x_wconf 87' lang='lat' dir='ltr'>sanguine</span> <span class='ocrx_word' id='word_1_9' title='bbox 1088 242 1203 276; x_wconf 87' lang='lat' dir='ltr'>natus</span> <span class='ocrx_word' id='word_1_10' title='bbox 1233 235 1304 276; x_wconf 86' lang='lat' dir='ltr'>Iuli</span> 
     </span>
     <span class='ocr_line' id='line_1_3' title="bbox 283 294 1295 348; baseline -0.001 -13"><span class='ocrx_word' id='word_1_11' title='bbox 283 296 465 335; x_wconf 82' lang='lat' dir='ltr'>Efficiet.</span> <span class='ocrx_word' id='word_1_12' title='bbox 499 308 575 347; x_wconf 92' lang='lat' dir='ltr'>quo</span> <span class='ocrx_word' id='word_1_13' title='bbox 608 307 697 334; x_wconf 89' lang='lat' dir='ltr'>cum</span> <span class='ocrx_word' id='word_1_14' title='bbox 730 294 843 334; x_wconf 88' lang='lat' dir='ltr'>tellus</span> <span class='ocrx_word' id='word_1_15' title='bbox 875 296 952 334; x_wconf 85' lang='lat' dir='ltr'>erit</span> <span class='ocrx_word' id='word_1_16' title='bbox 982 307 1082 348; x_wconf 87' lang='lat' dir='ltr'>usa,</span> <span class='ocrx_word' id='word_1_17' title='bbox 1113 295 1295 334; x_wconf 80' lang='lat' dir='ltr'><strong>fruentur</strong></span> 
     </span>
     <span class='ocr_line' id='line_1_4' title="bbox 284 350 1554 438; baseline 0 -46"><span class='ocrx_word' id='word_1_18' title='bbox 284 354 489 394; x_wconf 82' lang='lat' dir='ltr'>Aetheriac</span> <span class='ocrx_word' id='word_1_19' title='bbox 522 354 635 393; x_wconf 89' lang='lat' dir='ltr'>sedes</span> <span class='ocrx_word' id='word_1_20' title='bbox 654 385 666 407; x_wconf 89' lang='lat'>‚</span> <span class='ocrx_word' id='word_1_21' title='bbox 697 353 926 404; x_wconf 87' lang='lat' dir='ltr'>caelumque</span> <span class='ocrx_word' id='word_1_22' title='bbox 959 355 1036 393; x_wconf 88' lang='lat' dir='ltr'>erit</span> <span class='ocrx_word' id='word_1_23' title='bbox 1067 355 1193 393; x_wconf 88' lang='lat' dir='ltr'>exitus</span> <span class='ocrx_word' id='word_1_24' title='bbox 1225 353 1279 393; x_wconf 91' lang='lat' dir='ltr'>illi</span> <span class='ocrx_word' id='word_1_25' title='bbox 1295 350 1332 391; x_wconf 84' lang='grc'>.”</span> <span class='ocrx_word' id='word_1_26' title='bbox 1542 365 1554 438; x_wconf 70' lang='grc'>1</span> 
     </span>
     <span class='ocr_line' id='line_1_5' title="bbox 195 412 1277 463; baseline -0.002 -11"><span class='ocrx_word' id='word_1_27' title='bbox 195 420 264 453; x_wconf 88' lang='grc'>450</span> <span class='ocrx_word' id='word_1_28' title='bbox 284 413 388 452; x_wconf 89' lang='lat' dir='ltr'>Haec</span> <span class='ocrx_word' id='word_1_29' title='bbox 419 412 611 452; x_wconf 89' lang='lat' dir='ltr'>Helenum</span> <span class='ocrx_word' id='word_1_30' title='bbox 645 413 834 452; x_wconf 84' lang='lat' dir='ltr'>cecinisse</span> <span class='ocrx_word' id='word_1_31' title='bbox 866 413 1093 463; x_wconf 81' lang='lat' dir='ltr'>penatigero</span> <span class='ocrx_word' id='word_1_32' title='bbox 1125 412 1277 451; x_wconf 86' lang='lat' dir='ltr'>Aeneae</span> 
     </span>
     <span class='ocr_line' id='line_1_6' title="bbox 284 470 1402 523; baseline -0.001 -12"><span class='ocrx_word' id='word_1_33' title='bbox 284 471 412 511; x_wconf 88' lang='lat' dir='ltr'>Mente</span> <span class='ocrx_word' id='word_1_34' title='bbox 446 483 596 511; x_wconf 90' lang='lat' dir='ltr'>memor</span> <span class='ocrx_word' id='word_1_35' title='bbox 627 471 758 510; x_wconf 81' lang='lat' dir='ltr'>refero</span> <span class='ocrx_word' id='word_1_36' title='bbox 776 502 788 523; x_wconf 84' lang='lat'><em>‚</em></span> <span class='ocrx_word' id='word_1_37' title='bbox 822 476 1062 522; x_wconf 87' lang='lat' dir='ltr'>cognataque</span> <span class='ocrx_word' id='word_1_38' title='bbox 1094 472 1247 510; x_wconf 90' lang='lat' dir='ltr'>moenia</span> <span class='ocrx_word' id='word_1_39' title='bbox 1278 470 1402 510; x_wconf 87' lang='lat' dir='ltr'>laetor</span> 
     </span>
     <span class='ocr_line' id='line_1_7' title="bbox 285 528 1552 583; baseline 0 -14"><span class='ocrx_word' id='word_1_40' title='bbox 285 530 503 583; x_wconf 88' lang='lat' dir='ltr'>Crescere,</span> <span class='ocrx_word' id='word_1_41' title='bbox 535 536 575 569; x_wconf 90' lang='lat' dir='ltr'>et</span> <span class='ocrx_word' id='word_1_42' title='bbox 606 529 754 569; x_wconf 82' lang='lat' dir='ltr'>utiliter</span> <span class='ocrx_word' id='word_1_43' title='bbox 786 528 1009 581; x_wconf 82' lang='lat' dir='ltr'>Phrygibus</span> <span class='ocrx_word' id='word_1_44' title='bbox 1040 530 1179 568; x_wconf 91' lang='lat' dir='ltr'>vicisse</span> <span class='ocrx_word' id='word_1_45' title='bbox 1211 529 1417 582; x_wconf 83' lang='lat' dir='ltr'>Pelasgos.</span> <span class='ocrx_word' id='word_1_46' title='bbox 1547 567 1552 573; x_wconf 86' lang='grc'>,</span> 
     </span>
     <span class='ocr_line' id='line_1_8' title="bbox 284 587 1554 644; baseline -0.001 -17"><span class='ocrx_word' id='word_1_47' title='bbox 284 588 340 628; x_wconf 93' lang='lat' dir='ltr'>Ne</span> <span class='ocrx_word' id='word_1_48' title='bbox 371 594 502 627; x_wconf 88' lang='lat' dir='ltr'>tamen</span> <span class='ocrx_word' id='word_1_49' title='bbox 534 588 664 628; x_wconf 86' lang='lat' dir='ltr'>oblitis</span> <span class='ocrx_word' id='word_1_50' title='bbox 697 588 741 626; x_wconf 88' lang='lat' dir='ltr'>ad</span> <span class='ocrx_word' id='word_1_51' title='bbox 775 593 917 627; x_wconf 87' lang='lat' dir='ltr'>metam</span> <span class='ocrx_word' id='word_1_52' title='bbox 950 587 1112 627; x_wconf 88' lang='lat' dir='ltr'>tendere</span> <span class='ocrx_word' id='word_1_53' title='bbox 1142 587 1257 639; x_wconf 87' lang='lat' dir='ltr'>longe</span> <span class='ocrx_word' id='word_1_54' title='bbox 1545 595 1554 644; x_wconf 74' lang='lat'>1</span> 
     </span>
     <span class='ocr_line' id='line_1_9' title="bbox 284 645 1554 722; baseline -0.001 -36"><span class='ocrx_word' id='word_1_55' title='bbox 284 646 560 699; x_wconf 85' lang='lat' dir='ltr'>Exspatiemur</span> <span class='ocrx_word' id='word_1_56' title='bbox 591 648 703 699; x_wconf 91' lang='lat' dir='ltr'>equis</span> <span class='ocrx_word' id='word_1_57' title='bbox 721 679 732 698; x_wconf 89' lang='lat'><em>‚</em></span> <span class='ocrx_word' id='word_1_58' title='bbox 765 646 916 686; x_wconf 91' lang='lat' dir='ltr'>caelum</span> <span class='ocrx_word' id='word_1_59' title='bbox 946 651 987 685; x_wconf 87' lang='lat' dir='ltr'>et</span> <span class='ocrx_word' id='word_1_60' title='bbox 1018 645 1293 698; x_wconf 89' lang='lat' dir='ltr'>quodcumque</span> <span class='ocrx_word' id='word_1_61' title='bbox 1327 645 1400 686; x_wconf 89' lang='lat' dir='ltr'>sub</span> <span class='ocrx_word' id='word_1_62' title='bbox 1547 674 1554 722; x_wconf 81' lang='grc'>1</span> 
     </span>
     <span class='ocr_line' id='line_1_10' title="bbox 1328 705 1509 757; baseline 0.006 -13"><span class='ocrx_word' id='word_1_63' title='bbox 1328 705 1393 744; x_wconf 90' lang='lat' dir='ltr'>illo</span> <span class='ocrx_word' id='word_1_64' title='bbox 1425 710 1509 757; x_wconf 84' lang='lat' dir='ltr'>est,</span> 
     </span>
     <span class='ocr_line' id='line_1_11' title="bbox 197 726 1554 825; baseline -0.001 -21"><span class='ocrx_word' id='word_1_65' title='bbox 197 773 264 804; x_wconf 85' lang='lat'>455</span> <span class='ocrx_word' id='word_1_66' title='bbox 284 765 468 805; x_wconf 89' lang='lat' dir='ltr'>Immutat</span> <span class='ocrx_word' id='word_1_67' title='bbox 499 765 644 804; x_wconf 86' lang='lat' dir='ltr'>formas</span> <span class='ocrx_word' id='word_1_68' title='bbox 662 796 673 817; x_wconf 89' lang='lat'><em>,</em></span> <span class='ocrx_word' id='word_1_69' title='bbox 705 764 821 803; x_wconf 90' lang='lat' dir='ltr'>tellus</span> <span class='ocrx_word' id='word_1_70' title='bbox 853 769 892 803; x_wconf 89' lang='lat' dir='ltr'>et</span> <span class='ocrx_word' id='word_1_71' title='bbox 924 763 1110 815; x_wconf 91' lang='lat' dir='ltr'>quicquid</span> <span class='ocrx_word' id='word_1_72' title='bbox 1141 765 1182 803; x_wconf 93' lang='lat' dir='ltr'>in</span> <span class='ocrx_word' id='word_1_73' title='bbox 1213 763 1278 803; x_wconf 89' lang='lat' dir='ltr'>illa</span> <span class='ocrx_word' id='word_1_74' title='bbox 1309 771 1390 803; x_wconf 84' lang='lat' dir='ltr'>est.</span> <span class='ocrx_word' id='word_1_75' title='bbox 1547 726 1554 825; x_wconf 55' lang='lat' dir='ltr'>l</span> 
     </span>
     <span class='ocr_line' id='line_1_12' title="bbox 283 822 1554 891; baseline 0 -28"><span class='ocrx_word' id='word_1_76' title='bbox 283 824 363 863; x_wconf 92' lang='lat' dir='ltr'>Nos</span> <span class='ocrx_word' id='word_1_77' title='bbox 384 835 540 875; x_wconf 90' lang='lat' dir='ltr'>quoque</span> <span class='ocrx_word' id='word_1_78' title='bbox 553 855 565 876; x_wconf 91' lang='lat'><em>‚</em></span> <span class='ocrx_word' id='word_1_79' title='bbox 584 835 674 875; x_wconf 88' lang='lat' dir='ltr'>pars</span> <span class='ocrx_word' id='word_1_80' title='bbox 695 823 829 862; x_wconf 90' lang='lat' dir='ltr'>mundi</span> <span class='ocrx_word' id='word_1_81' title='bbox 842 823 1059 875; x_wconf 71' lang='lat' dir='ltr'>,quoniam</span> <span class='ocrx_word' id='word_1_82' title='bbox 1078 834 1156 861; x_wconf 90' lang='lat' dir='ltr'>non</span> <span class='ocrx_word' id='word_1_83' title='bbox 1177 834 1340 874; x_wconf 88' lang='lat' dir='ltr'>corpora</span> <span class='ocrx_word' id='word_1_84' title='bbox 1362 822 1509 876; x_wconf 87' lang='lat' dir='ltr'>solum,</span> <span class='ocrx_word' id='word_1_85' title='bbox 1539 828 1554 891; x_wconf 86' lang='grc'>1</span> 
     </span>
     <span class='ocr_line' id='line_1_13' title="bbox 284 882 1554 960; baseline 0 -40"><span class='ocrx_word' id='word_1_86' title='bbox 284 882 430 922; x_wconf 88' lang='lat' dir='ltr'>Verum</span> <span class='ocrx_word' id='word_1_87' title='bbox 461 883 577 921; x_wconf 90' lang='lat' dir='ltr'>etiam</span> <span class='ocrx_word' id='word_1_88' title='bbox 608 882 787 921; x_wconf 84' lang='lat' dir='ltr'>volucres</span> <span class='ocrx_word' id='word_1_89' title='bbox 819 883 969 920; x_wconf 88' lang='lat' dir='ltr'>animae</span> <span class='ocrx_word' id='word_1_90' title='bbox 1008 892 1174 934; x_wconf 87' lang='lat' dir='ltr'>sumus,</span> <span class='ocrx_word' id='word_1_91' title='bbox 1205 882 1323 932; x_wconf 88' lang='lat' dir='ltr'>inque</span> <span class='ocrx_word' id='word_1_92' title='bbox 1362 882 1508 921; x_wconf 75' lang='lat' dir='ltr'>ferinas</span> <span class='ocrx_word' id='word_1_93' title='bbox 1544 902 1554 960; x_wconf 67' lang='grc'>1</span> 
     </span>
     <span class='ocr_line' id='line_1_14' title="bbox 285 939 1554 1001; baseline 0 -20"><span class='ocrx_word' id='word_1_94' title='bbox 285 941 500 981; x_wconf 87' lang='lat' dir='ltr'><strong>Possumus</strong></span> <span class='ocrx_word' id='word_1_95' title='bbox 531 942 590 979; x_wconf 91' lang='lat' dir='ltr'>ire</span> <span class='ocrx_word' id='word_1_96' title='bbox 622 940 757 980; x_wconf 89' lang='lat' dir='ltr'>domos</span> <span class='ocrx_word' id='word_1_97' title='bbox 789 940 1063 991; x_wconf 86' lang='lat' dir='ltr'>pecudumque</span> <span class='ocrx_word' id='word_1_98' title='bbox 1095 941 1136 978; x_wconf 90' lang='lat' dir='ltr'>in</span> <span class='ocrx_word' id='word_1_99' title='bbox 1174 951 1339 991; x_wconf 76' lang='lat' dir='ltr'>coipora</span> <span class='ocrx_word' id='word_1_100' title='bbox 1371 939 1507 979; x_wconf 89' lang='lat' dir='ltr'>condi.</span> <span class='ocrx_word' id='word_1_101' title='bbox 1544 945 1554 1001; x_wconf 74' lang='grc'>’1</span> 
     </span>
     <span class='ocr_line' id='line_1_15' title="bbox 286 997 1554 1062; baseline -0.002 -23"><span class='ocrx_word' id='word_1_102' title='bbox 286 999 458 1051; x_wconf 86' lang='lat' dir='ltr'>Corpora</span> <span class='ocrx_word' id='word_1_103' title='bbox 491 1011 589 1051; x_wconf 89' lang='lat' dir='ltr'>quae</span> <span class='ocrx_word' id='word_1_104' title='bbox 621 1000 774 1051; x_wconf 84' lang='lat' dir='ltr'>possint</span> <span class='ocrx_word' id='word_1_105' title='bbox 805 1000 951 1038; x_wconf 88' lang='lat' dir='ltr'>animas</span> <span class='ocrx_word' id='word_1_106' title='bbox 982 997 1165 1037; x_wconf 90' lang='lat' dir='ltr'>habuisse</span> <span class='ocrx_word' id='word_1_107' title='bbox 1197 1003 1402 1050; x_wconf 87' lang='lat' dir='ltr'>parentum</span> <span class='ocrx_word' id='word_1_108' title='bbox 1546 1025 1554 1062; x_wconf 95' lang='grc'>1</span> 
     </span>
     <span class='ocr_line' id='line_1_16' title="bbox 197 1053 1554 1118; baseline -0.001 -21"><span class='ocrx_word' id='word_1_109' title='bbox 197 1067 265 1098; x_wconf 79' lang='grc'>460</span> <span class='ocrx_word' id='word_1_110' title='bbox 285 1059 362 1098; x_wconf 86' lang='lat' dir='ltr'>Aut</span> <span class='ocrx_word' id='word_1_111' title='bbox 393 1059 558 1098; x_wconf 80' lang='lat' dir='ltr'>fratrum</span> <span class='ocrx_word' id='word_1_112' title='bbox 591 1063 657 1097; x_wconf 83' lang='lat' dir='ltr'>aut</span> <span class='ocrx_word' id='word_1_113' title='bbox 687 1057 816 1108; x_wconf 89' lang='lat' dir='ltr'>aliquo</span> <span class='ocrx_word' id='word_1_114' title='bbox 847 1059 1073 1096; x_wconf 86' lang='lat' dir='ltr'>iunctorum</span> <span class='ocrx_word' id='word_1_115' title='bbox 1105 1056 1263 1098; x_wconf 76' lang='lat' dir='ltr'>foedere</span> <span class='ocrx_word' id='word_1_116' title='bbox 1296 1057 1409 1096; x_wconf 91' lang='lat' dir='ltr'>nobis</span> <span class='ocrx_word' id='word_1_117' title='bbox 1544 1053 1554 1118; x_wconf 71' lang='lat' dir='ltr'>j</span> 
     </span>
     <span class='ocr_line' id='line_1_17' title="bbox 286 1115 1508 1169; baseline 0 -14"><span class='ocrx_word' id='word_1_118' title='bbox 286 1118 363 1156; x_wconf 86' lang='lat' dir='ltr'>Aut</span> <span class='ocrx_word' id='word_1_119' title='bbox 392 1117 595 1156; x_wconf 90' lang='lat' dir='ltr'>hominum</span> <span class='ocrx_word' id='word_1_120' title='bbox 628 1122 766 1169; x_wconf 88' lang='lat' dir='ltr'>certe,</span> <span class='ocrx_word' id='word_1_121' title='bbox 797 1121 880 1155; x_wconf 81' lang='lat' dir='ltr'>tuta</span> <span class='ocrx_word' id='word_1_122' title='bbox 911 1127 997 1155; x_wconf 89' lang='lat' dir='ltr'>esse</span> <span class='ocrx_word' id='word_1_123' title='bbox 1036 1121 1077 1155; x_wconf 80' lang='lat' dir='ltr'>et</span> <span class='ocrx_word' id='word_1_124' title='bbox 1112 1115 1276 1157; x_wconf 85' lang='lat' dir='ltr'>honesta</span> <span class='ocrx_word' id='word_1_125' title='bbox 1307 1117 1508 1168; x_wconf 85' lang='lat' dir='ltr'>sinamus,</span> 
     </span>
     <span class='ocr_line' id='line_1_18' title="bbox 286 1174 1285 1227; baseline -0.001 -13"><span class='ocrx_word' id='word_1_126' title='bbox 286 1175 391 1215; x_wconf 91' lang='lat' dir='ltr'>Neve</span> <span class='ocrx_word' id='word_1_127' title='bbox 419 1175 625 1227; x_wconf 77' lang='lat' dir='ltr'>Thyesteis</span> <span class='ocrx_word' id='word_1_128' title='bbox 657 1174 902 1214; x_wconf 88' lang='lat' dir='ltr'>cumulemus</span> <span class='ocrx_word' id='word_1_129' title='bbox 934 1175 1085 1213; x_wconf 89' lang='lat' dir='ltr'>viscera</span> <span class='ocrx_word' id='word_1_130' title='bbox 1117 1176 1285 1214; x_wconf 88' lang='lat' dir='ltr'>mensis</span> 
     </span>
     <span class='ocr_line' id='line_1_19' title="bbox 288 1232 1450 1299; baseline 0 -26"><span class='ocrx_word' id='word_1_131' title='bbox 288 1234 411 1280; x_wconf 89' lang='lat' dir='ltr'>Quam</span> <span class='ocrx_word' id='word_1_132' title='bbox 445 1233 542 1273; x_wconf 89' lang='lat' dir='ltr'>male</span> <span class='ocrx_word' id='word_1_133' title='bbox 576 1235 828 1286; x_wconf 87' lang='lat' dir='ltr'>consuescit,</span> <span class='ocrx_word' id='word_1_134' title='bbox 861 1244 976 1299; x_wconf 79' lang='lat' dir='ltr'>quam</span> <span class='ocrx_word' id='word_1_135' title='bbox 1007 1244 1049 1271; x_wconf 88' lang='lat' dir='ltr'>se</span> <span class='ocrx_word' id='word_1_136' title='bbox 1080 1238 1192 1284; x_wconf 89' lang='lat' dir='ltr'>parat</span> <span class='ocrx_word' id='word_1_137' title='bbox 1221 1232 1285 1272; x_wconf 89' lang='lat' dir='ltr'>ille</span> <span class='ocrx_word' id='word_1_138' title='bbox 1318 1235 1450 1273; x_wconf 87' lang='lat' dir='ltr'>cruori</span> 
     </span>
     <span class='ocr_line' id='line_1_20' title="bbox 286 1291 1231 1344; baseline -0.001 -13"><span class='ocrx_word' id='word_1_139' title='bbox 286 1293 433 1344; x_wconf 90' lang='lat' dir='ltr'>Impius</span> <span class='ocrx_word' id='word_1_140' title='bbox 465 1292 664 1344; x_wconf 84' lang='lat' dir='ltr'>humano,</span> <span class='ocrx_word' id='word_1_141' title='bbox 698 1291 806 1331; x_wconf 70' lang='lat' dir='ltr'>xituli</span> <span class='ocrx_word' id='word_1_142' title='bbox 838 1292 905 1342; x_wconf 92' lang='lat' dir='ltr'>qui</span> <span class='ocrx_word' id='word_1_143' title='bbox 936 1296 1095 1342; x_wconf 86' lang='lat' dir='ltr'>guttura</span> <span class='ocrx_word' id='word_1_144' title='bbox 1126 1291 1231 1330; x_wconf 83' lang='lat' dir='ltr'>ferro</span> 
     </span>
     <span class='ocr_line' id='line_1_21' title="bbox 200 1343 1355 1402; baseline 0.001 -13"><span class='ocrx_word' id='word_1_145' title='bbox 200 1358 267 1390; x_wconf 84' lang='lat'>465</span> <span class='ocrx_word' id='word_1_146' title='bbox 288 1351 477 1402; x_wconf 87' lang='lat' dir='ltr'>Rumpit,</span> <span class='ocrx_word' id='word_1_147' title='bbox 510 1357 549 1390; x_wconf 91' lang='lat' dir='ltr'>et</span> <span class='ocrx_word' id='word_1_148' title='bbox 579 1352 746 1390; x_wconf 86' lang='lat' dir='ltr'>inmotas</span> <span class='ocrx_word' id='word_1_149' title='bbox 777 1349 940 1401; x_wconf 88' lang='lat' dir='ltr'>praebet</span> <span class='ocrx_word' id='word_1_150' title='bbox 970 1343 1185 1401; x_wconf 86' lang='lat' dir='ltr'>mugitibus</span> <span class='ocrx_word' id='word_1_151' title='bbox 1218 1350 1355 1390; x_wconf 74' lang='lat' dir='ltr'>aures!</span> 
     </span>
     <span class='ocr_line' id='line_1_22' title="bbox 289 1407 1273 1460; baseline -0.002 -11"><span class='ocrx_word' id='word_1_152' title='bbox 289 1410 367 1449; x_wconf 86' lang='lat' dir='ltr'>Aut</span> <span class='ocrx_word' id='word_1_153' title='bbox 398 1410 518 1460; x_wconf 89' lang='lat' dir='ltr'>quiv</span> <span class='ocrx_word' id='word_1_154' title='bbox 497 1410 647 1460; x_wconf 85' lang='lat' dir='ltr'>vagitus</span> <span class='ocrx_word' id='word_1_155' title='bbox 680 1408 825 1448; x_wconf 87' lang='lat' dir='ltr'>similes</span> <span class='ocrx_word' id='word_1_156' title='bbox 856 1407 1075 1460; x_wconf 88' lang='lat' dir='ltr'>pue1ilibus</span> <span class='ocrx_word' id='word_1_157' title='bbox 1106 1408 1273 1448; x_wconf 88' lang='lat' dir='ltr'>haedum</span> 
     </span>
     <span class='ocr_line' id='line_1_23' title="bbox 288 1466 1257 1520; baseline -0.001 -13"><span class='ocrx_word' id='word_1_158' title='bbox 288 1467 479 1507; x_wconf 88' lang='lat' dir='ltr'>Edentem</span> <span class='ocrx_word' id='word_1_159' title='bbox 510 1467 686 1519; x_wconf 87' lang='lat' dir='ltr'>iugulare</span> <span class='ocrx_word' id='word_1_160' title='bbox 718 1472 876 1519; x_wconf 88' lang='lat' dir='ltr'>potest·</span> <span class='ocrx_word' id='word_1_161' title='bbox 910 1472 977 1506; x_wconf 87' lang='lat' dir='ltr'>aut</span> <span class='ocrx_word' id='word_1_162' title='bbox 1007 1466 1096 1506; x_wconf 89' lang='lat' dir='ltr'>alite</span> <span class='ocrx_word' id='word_1_163' title='bbox 1127 1468 1257 1520; x_wconf 85' lang='lat' dir='ltr'>vesci,</span> 
     </span>
     <span class='ocr_line' id='line_1_24' title="bbox 288 1499 1510 1578; baseline 0.002 -13"><span class='ocrx_word' id='word_1_164' title='bbox 288 1526 359 1566; x_wconf 82' lang='lat' dir='ltr'>Cui</span> <span class='ocrx_word' id='word_1_165' title='bbox 379 1526 514 1566; x_wconf 75' lang='lat' dir='ltr'>dedit·</span> <span class='ocrx_word' id='word_1_166' title='bbox 504 1538 588 1578; x_wconf 80' lang='lat' dir='ltr'>ipse</span> <span class='ocrx_word' id='word_1_167' title='bbox 615 1525 751 1566; x_wconf 89' lang='lat' dir='ltr'>cibos.</span> <span class='ocrx_word' id='word_1_168' title='bbox 743 1525 752 1554; x_wconf 73' lang='lat' dir='ltr'>l</span> <span class='ocrx_word' id='word_1_169' title='bbox 779 1531 967 1577; x_wconf 86' lang='lat' dir='ltr'>quantum</span> <span class='ocrx_word' id='word_1_170' title='bbox 994 1531 1054 1564; x_wconf 87' lang='lat' dir='ltr'>est</span> <span class='ocrx_word' id='word_1_171' title='bbox 1070 1525 1212 1577; x_wconf 91' lang='lat' dir='ltr'>‚quod</span> <span class='ocrx_word' id='word_1_172' title='bbox 1233 1499 1334 1566; x_wconf 91' lang='lat' dir='ltr'>desit</span> <span class='ocrx_word' id='word_1_173' title='bbox 1357 1528 1398 1566; x_wconf 91' lang='lat' dir='ltr'>in</span> <span class='ocrx_word' id='word_1_174' title='bbox 1422 1527 1510 1567; x_wconf 90' lang='lat' dir='ltr'>istis</span> 
     </span>
     <span class='ocr_line' id='line_1_25' title="bbox 288 1582 1434 1653; baseline 0.001 -29"><span class='ocrx_word' id='word_1_175' title='bbox 288 1585 344 1624; x_wconf 87' lang='lat' dir='ltr'>Ad</span> <span class='ocrx_word' id='word_1_176' title='bbox 375 1585 534 1637; x_wconf 89' lang='lat' dir='ltr'>plenum</span> <span class='ocrx_word' id='word_1_177' title='bbox 566 1585 717 1625; x_wconf 90' lang='lat' dir='ltr'>facinus</span> <span class='ocrx_word' id='word_1_178' title='bbox 736 1582 758 1624; x_wconf 70' lang='lat'><strong>?</strong></span> <span class='ocrx_word' id='word_1_179' title='bbox 789 1596 866 1635; x_wconf 89' lang='lat' dir='ltr'>quo</span> <span class='ocrx_word' id='word_1_180' title='bbox 900 1585 1087 1623; x_wconf 82' lang='lat' dir='ltr'>transitus</span> <span class='ocrx_word' id='word_1_181' title='bbox 1118 1583 1208 1623; x_wconf 90' lang='lat' dir='ltr'>inde</span> <span class='ocrx_word' id='word_1_182' title='bbox 1240 1583 1434 1653; x_wconf 77' lang='lat' dir='ltr'>paratur?</span> 
     </span>
     <span class='ocr_line' id='line_1_26' title="bbox 199 1642 1427 1696; baseline 0.001 -14"><span class='ocrx_word' id='word_1_183' title='bbox 199 1652 267 1683; x_wconf 82' lang='lat'>470</span> <span class='ocrx_word' id='word_1_184' title='bbox 288 1643 363 1682; x_wconf 91' lang='lat' dir='ltr'>Bos</span> <span class='ocrx_word' id='word_1_185' title='bbox 395 1650 508 1696; x_wconf 84' lang='lat' dir='ltr'>aret,</span> <span class='ocrx_word' id='word_1_186' title='bbox 540 1649 607 1683; x_wconf 86' lang='lat' dir='ltr'>aut</span> <span class='ocrx_word' id='word_1_187' title='bbox 638 1649 806 1683; x_wconf 87' lang='lat' dir='ltr'>mortem</span> <span class='ocrx_word' id='word_1_188' title='bbox 838 1642 1061 1682; x_wconf 79' lang='lat' dir='ltr'>senioiibus</span> <span class='ocrx_word' id='word_1_189' title='bbox 1093 1643 1262 1694; x_wconf 88' lang='lat' dir='ltr'>imputet</span> <span class='ocrx_word' id='word_1_190' title='bbox 1292 1645 1427 1684; x_wconf 88' lang='lat' dir='ltr'>annis.</span> 
     </span>
     <span class='ocr_line' id='line_1_27' title="bbox 288 1701 1384 1742; baseline 0.001 -1"><span class='ocrx_word' id='word_1_191' title='bbox 288 1702 536 1742; x_wconf 76' lang='lat' dir='ltr'>Hor1iferum</span> <span class='ocrx_word' id='word_1_192' title='bbox 568 1708 704 1741; x_wconf 77' lang='lat' dir='ltr'>contla</span> <span class='ocrx_word' id='word_1_193' title='bbox 734 1701 881 1740; x_wconf 79' lang='lat' dir='ltr'>borean</span> <span class='ocrx_word' id='word_1_194' title='bbox 913 1702 995 1740; x_wconf 89' lang='lat' dir='ltr'>ovis</span> <span class='ocrx_word' id='word_1_195' title='bbox 1027 1713 1132 1740; x_wconf 88' lang='lat' dir='ltr'>arma</span> <span class='ocrx_word' id='word_1_196' title='bbox 1163 1702 1384 1742; x_wconf 86' lang='lat' dir='ltr'>ministret:</span> 
     </span>
     <span class='ocr_line' id='line_1_28' title="bbox 288 1759 1404 1813; baseline 0 -13"><span class='ocrx_word' id='word_1_197' title='bbox 288 1760 417 1800; x_wconf 76' lang='lat' dir='ltr'>Ubeia</span> <span class='ocrx_word' id='word_1_198' title='bbox 448 1760 542 1800; x_wconf 83' lang='lat' dir='ltr'>dent</span> <span class='ocrx_word' id='word_1_199' title='bbox 573 1766 727 1800; x_wconf 86' lang='lat' dir='ltr'>saturae</span> <span class='ocrx_word' id='word_1_200' title='bbox 759 1759 937 1799; x_wconf 90' lang='lat' dir='ltr'>manibus</span> <span class='ocrx_word' id='word_1_201' title='bbox 969 1759 1182 1811; x_wconf 81' lang='lat' dir='ltr'>pressanda</span> <span class='ocrx_word' id='word_1_202' title='bbox 1213 1760 1404 1813; x_wconf 86' lang='lat' dir='ltr'>capellae.</span> 
     </span>
     <span class='ocr_line' id='line_1_29' title="bbox 288 1818 1351 1876; baseline -0.001 -17"><span class='ocrx_word' id='word_1_203' title='bbox 288 1819 399 1859; x_wconf 88' lang='lat' dir='ltr'>Retia</span> <span class='ocrx_word' id='word_1_204' title='bbox 431 1831 521 1858; x_wconf 90' lang='lat' dir='ltr'>cum</span> <span class='ocrx_word' id='word_1_205' title='bbox 552 1819 730 1871; x_wconf 89' lang='lat' dir='ltr'>pedicis,</span> <span class='ocrx_word' id='word_1_206' title='bbox 761 1819 950 1870; x_wconf 90' lang='lat' dir='ltr'>laqueos,</span> <span class='ocrx_word' id='word_1_207' title='bbox 983 1823 1165 1876; x_wconf 80' lang='lat' dir='ltr'>artesque</span> <span class='ocrx_word' id='word_1_208' title='bbox 1197 1818 1351 1858; x_wconf 88' lang='lat' dir='ltr'>dolosas</span> 
     </span>
     <span class='ocr_line' id='line_1_30' title="bbox 287 1876 1283 1931; baseline 0 -14"><span class='ocrx_word' id='word_1_209' title='bbox 287 1877 457 1930; x_wconf 81' lang='lat' dir='ltr'>Tollite3</span> <span class='ocrx_word' id='word_1_210' title='bbox 489 1890 563 1917; x_wconf 88' lang='lat' dir='ltr'>nec</span> <span class='ocrx_word' id='word_1_211' title='bbox 593 1878 792 1918; x_wconf 88' lang='lat' dir='ltr'>volucrem</span> <span class='ocrx_word' id='word_1_212' title='bbox 824 1878 968 1916; x_wconf 90' lang='lat' dir='ltr'>viscata</span> <span class='ocrx_word' id='word_1_213' title='bbox 1000 1876 1150 1916; x_wconf 75' lang='lat' dir='ltr'>fallite</span> <span class='ocrx_word' id='word_1_214' title='bbox 1151 1878 1283 1931; x_wconf 85' lang='lat' dir='ltr'>virga,</span> 
     </span>
     <span class='ocr_line' id='line_1_31' title="bbox 200 1934 1164 1988; baseline -0.001 -13"><span class='ocrx_word' id='word_1_215' title='bbox 200 1944 266 1975; x_wconf 76' lang='lat'>475</span> <span class='ocrx_word' id='word_1_216' title='bbox 287 1936 368 1975; x_wconf 90' lang='lat' dir='ltr'>Nec</span> <span class='ocrx_word' id='word_1_217' title='bbox 400 1936 618 1976; x_wconf 82' lang='lat' dir='ltr'>formidatis</span> <span class='ocrx_word' id='word_1_218' title='bbox 650 1947 786 1976; x_wconf 85' lang='lat' dir='ltr'>cervos</span> <span class='ocrx_word' id='word_1_219' title='bbox 817 1934 968 1974; x_wconf 84' lang='lat' dir='ltr'>illudite</span> <span class='ocrx_word' id='word_1_220' title='bbox 1000 1936 1164 1988; x_wconf 90' lang='lat' dir='ltr'>pennis,</span> 
     </span>
     <span class='ocr_line' id='line_1_32' title="bbox 286 1992 1228 2034; baseline -0.002 0"><span class='ocrx_word' id='word_1_221' title='bbox 286 1995 368 2034; x_wconf 91' lang='lat' dir='ltr'>Nec</span> <span class='ocrx_word' id='word_1_222' title='bbox 399 1994 521 2034; x_wconf 89' lang='lat' dir='ltr'>celate</span> <span class='ocrx_word' id='word_1_223' title='bbox 554 1994 651 2034; x_wconf 90' lang='lat' dir='ltr'>cibis</span> <span class='ocrx_word' id='word_1_224' title='bbox 682 2006 806 2034; x_wconf 88' lang='lat' dir='ltr'>uncos</span> <span class='ocrx_word' id='word_1_225' title='bbox 838 1992 1039 2033; x_wconf 82' lang='lat' dir='ltr'>fallacibus</span> <span class='ocrx_word' id='word_1_226' title='bbox 1070 1993 1228 2033; x_wconf 87' lang='lat' dir='ltr'>hamos.</span> 
     </span>
     <span class='ocr_line' id='line_1_33' title="bbox 287 2051 1456 2106; baseline -0.001 -13"><span class='ocrx_word' id='word_1_227' title='bbox 287 2052 444 2093; x_wconf 87' lang='lat' dir='ltr'>Perdite</span> <span class='ocrx_word' id='word_1_228' title='bbox 476 2055 588 2105; x_wconf 89' lang='lat' dir='ltr'>siqua</span> <span class='ocrx_word' id='word_1_229' title='bbox 619 2058 792 2106; x_wconf 87' lang='lat' dir='ltr'>nocent,</span> <span class='ocrx_word' id='word_1_230' title='bbox 823 2064 959 2091; x_wconf 85' lang='lat' dir='ltr'>verum</span> <span class='ocrx_word' id='word_1_231' title='bbox 989 2051 1086 2091; x_wconf 89' lang='lat' dir='ltr'>haec</span> <span class='ocrx_word' id='word_1_232' title='bbox 1118 2064 1272 2104; x_wconf 87' lang='lat' dir='ltr'>quoque</span> <span class='ocrx_word' id='word_1_233' title='bbox 1304 2052 1456 2105; x_wconf 90' lang='lat' dir='ltr'>perdite</span> 
     </span>
     <span class='ocr_line' id='line_1_34' title="bbox 1336 2117 1510 2164; baseline -0.006 -13"><span class='ocrx_word' id='word_1_234' title='bbox 1336 2117 1510 2164; x_wconf 80' lang='lat' dir='ltr'>tantum3</span> 
     </span>
     <span class='ocr_line' id='line_1_35' title="bbox 288 2154 1554 2224; baseline 0 -13"><span class='ocrx_word' id='word_1_235' title='bbox 288 2170 366 2211; x_wconf 87' lang='lat' dir='ltr'>Ora</span> <span class='ocrx_word' id='word_1_236' title='bbox 397 2176 535 2211; x_wconf 87' lang='lat' dir='ltr'>vacent</span> <span class='ocrx_word' id='word_1_237' title='bbox 566 2170 721 2223; x_wconf 88' lang='lat' dir='ltr'>epulis,</span> <span class='ocrx_word' id='word_1_238' title='bbox 752 2170 1011 2221; x_wconf 89' lang='lat' dir='ltr'>alimentaque</span> <span class='ocrx_word' id='word_1_239' title='bbox 1043 2170 1150 2209; x_wconf 87' lang='lat' dir='ltr'>mitia</span> <span class='ocrx_word' id='word_1_240' title='bbox 1182 2167 1382 2221; x_wconf 63' lang='lat' dir='ltr'>carpant?</span> <span class='ocrx_word' id='word_1_241' title='bbox 1533 2154 1554 2224; x_wconf 61' lang='grc' dir='ltr'>ξ</span> 
     </span>
     <span class='ocr_line' id='line_1_36' title="bbox 346 2211 1554 2289; baseline -0.001 -21"><span class='ocrx_word' id='word_1_242' title='bbox 346 2229 504 2270; x_wconf 72' lang='lat' dir='ltr'>Taltbus</span> <span class='ocrx_word' id='word_1_243' title='bbox 537 2235 655 2281; x_wconf 90' lang='lat' dir='ltr'>atque</span> <span class='ocrx_word' id='word_1_244' title='bbox 687 2229 771 2269; x_wconf 87' lang='lat' dir='ltr'>aliis</span> <span class='ocrx_word' id='word_1_245' title='bbox 802 2231 996 2269; x_wconf 89' lang='lat' dir='ltr'>instructo</span> <span class='ocrx_word' id='word_1_246' title='bbox 1027 2234 1187 2280; x_wconf 87' lang='lat' dir='ltr'>pectore</span> <span class='ocrx_word' id='word_1_247' title='bbox 1220 2227 1334 2268; x_wconf 89' lang='lat' dir='ltr'>dictis</span> <span class='ocrx_word' id='word_1_248' title='bbox 1539 2211 1554 2289; x_wconf 55' lang='lat'>{⁴</span> 
     </span>
     <span class='ocr_line' id='line_1_37' title="bbox 200 2286 1554 2352; baseline 0 -26"><span class='ocrx_word' id='word_1_249' title='bbox 200 2287 331 2327; x_wconf 82' lang='lat' dir='ltr'>4801n</span> <span class='ocrx_word' id='word_1_250' title='bbox 362 2290 527 2339; x_wconf 89' lang='lat' dir='ltr'>patriam</span> <span class='ocrx_word' id='word_1_251' title='bbox 559 2299 754 2328; x_wconf 88' lang='lat' dir='ltr'>remeasse</span> <span class='ocrx_word' id='word_1_252' title='bbox 786 2288 949 2340; x_wconf 81' lang='lat' dir='ltr'>serunt,</span> <span class='ocrx_word' id='word_1_253' title='bbox 980 2286 1162 2338; x_wconf 85' lang='lat' dir='ltr'>ultroque</span> <span class='ocrx_word' id='word_1_254' title='bbox 1193 2288 1363 2338; x_wconf 88' lang='lat' dir='ltr'>petitum</span> <span class='ocrx_word' id='word_1_255' title='bbox 1539 2292 1554 2352; x_wconf 94' lang='lat'>3</span> 
     </span>
     <span class='ocr_line' id='line_1_38' title="bbox 286 2344 1280 2399; baseline 0 -14"><span class='ocrx_word' id='word_1_256' title='bbox 286 2347 494 2399; x_wconf 85' lang='lat' dir='ltr'>Accepisse</span> <span class='ocrx_word' id='word_1_257' title='bbox 526 2347 692 2387; x_wconf 89' lang='lat' dir='ltr'>Numam</span> <span class='ocrx_word' id='word_1_258' title='bbox 723 2346 857 2399; x_wconf 88' lang='lat' dir='ltr'>populi</span> <span class='ocrx_word' id='word_1_259' title='bbox 889 2345 1056 2385; x_wconf 85' lang='lat' dir='ltr'>Latiaris</span> <span class='ocrx_word' id='word_1_260' title='bbox 1087 2344 1280 2385; x_wconf 80' lang='lat' dir='ltr'>habenas·</span> 
     </span>
    </p>
   </div>
  </div>
 </body>
</html>
