1554 2563
156 133 238 175 132
442 147 559 169 manea
733 132 949 168 METAMM
962 161 970 170 .

270 240 385 282 ‘Nox’
417 244 470 282 ait
501 240 668 282 ‘arcanis
699 242 884 282 fidissima
902 275 913 296 ,
946 255 1124 295 quaeque
1156 243 1308 284 diurnis

268 304 397 340 Aurea
428 314 518 340 cum
549 301 640 341 luna
671 302 883 341 succeditis
914 302 1070 353 ignibus
1088 333 1100 355 ‚
1131 308 1258 355 astra,

269 360 408 411 Tuque
440 362 586 412 triceps
618 359 762 399 Hecate
780 392 791 413 ‚
823 372 922 411 quae
956 361 1105 412 coeptis
1130 362 1287 400 conscia
1318 363 1463 401 nostris

183 427 248 459 195
270 419 528 470 Adiutrixque
560 420 668 458 venis
701 424 917 470 cantusque
949 421 1124 470 artisque
1155 431 1382 472 magorum,

270 477 456 528 Quaeque
488 489 621 529 magos
639 509 650 530 ,
681 477 814 517 Tellus
832 509 843 530 ,
875 477 1112 529 pollentibus
1144 479 1308 518 instruis
1336 478 1492 532 herbis,

268 538 475 587 Auraeque
507 542 547 575 et
576 537 683 576 venti
714 542 947 587 montesque
979 548 1192 588 amnesque
1223 536 1434 590 lacusque,

268 595 394 646 Dique
427 606 561 634 omnes
594 607 828 647 nemorum,
859 595 977 646 dique
1010 607 1145 634 omnes
1177 596 1304 634 noctis
1336 595 1493 636 adeste:

270 653 447 700 Quorum
479 665 582 705 ope,
615 665 704 693 cum
736 653 839 693 volui
858 685 868 705 ‚
900 655 997 705 ripis
1028 654 1261 693 mirantibus
1293 665 1426 694 amnes

182 712 313 753 2001n
344 713 472 751 fontes
504 712 659 751 rediere
691 724 783 751 suos
802 744 813 765 ,
845 724 1115 763 concussaque
1148 714 1268 764 sisto,

269 771 419 810 Stantia
451 772 633 810 concutio
666 776 783 810 cantu
814 771 942 822 freta,
975 771 1107 810 nubila
1138 771 1239 822 pello

268 829 487 881 Nubilaque
519 829 661 868 induco
680 861 691 882 ,
723 835 860 869 ventos
892 829 1083 881 abigoque
1115 842 1314 882 vocoque,

268 887 453 940 Vipereas
484 900 625 940 rumpo
657 887 787 927 verbis
820 893 859 927 et
890 890 1061 927 carmine
1094 888 1251 941 fauces,

268 946 440 998 Vivaque
472 959 562 985 saxa
593 959 663 986 sua
695 946 957 998 convulsaque
990 946 1130 985 robora
1163 952 1269 986 terra

182 1013 248 1045 205
269 1005 320 1045 Et
351 1006 465 1045 silvas
496 1017 633 1045 moveo
651 1037 662 1058 ‚
693 1004 889 1056 iubeoque
921 1011 1160 1045 tremescere
1192 1011 1345 1045 montes

268 1063 319 1103 Et
349 1066 501 1116 mugire
533 1064 660 1103 solum
678 1096 689 1117 ,
720 1076 933 1115 manesque
965 1066 1072 1103 exire
1103 1064 1345 1116 sepulchris.

269 1123 325 1162 Te
351 1135 508 1174 quoque
527 1155 538 1175 ,
570 1122 677 1162 Luna
697 1154 707 1174 ,
739 1123 850 1162 traho
869 1154 880 1175 ,
913 1124 1087 1174 quamvis
1107 1122 1318 1162 Temesaea
1337 1121 1489 1163 labores

269 1182 370 1221 Aera
399 1187 489 1221 tuos
526 1184 732 1221 minuant:
765 1193 906 1220 currus
946 1193 1103 1232 quoque
1141 1183 1313 1221 carmine
1353 1188 1490 1222 nostro

268 1239 392 1279 Pallet
422 1241 510 1292 avi3
542 1240 659 1291 pallet
689 1242 835 1278 nostris
867 1241 1019 1278 Aurora
1051 1242 1234 1279 venenis.

182 1308 250 1339 210
269 1297 345 1337 Vos
376 1298 472 1337 mihi
502 1304 706 1337 taurorum
738 1298 911 1337 flammas
943 1297 1156 1338 hebetastis
1174 1330 1185 1351 ,
1217 1305 1256 1338 et
1286 1311 1389 1339 unco

269 1357 466 1409 inpatiens
498 1358 631 1396 oneris
663 1356 805 1396 collum
837 1358 1039 1409 pressistis
1071 1362 1223 1396 aratro.

269 1415 345 1455 Vos
376 1417 663 1467 serpentigenis
693 1416 734 1454 in
765 1427 808 1455 se
839 1416 922 1454 fera
952 1415 1053 1454 bella
1084 1415 1271 1468 dedistis,

270 1474 560 1526 Custodemque
592 1473 731 1513 rudem
763 1475 889 1513 somni
921 1475 1110 1528 sopistis,
1141 1480 1181 1513 et
1210 1485 1350 1514 aurum

269 1532 431 1573 Vindice
463 1533 628 1584 decepto
661 1532 794 1572 Graias
826 1533 988 1572 misistis
1019 1534 1059 1572 in
1090 1532 1232 1572 urbes.

182 1599 250 1632 215
269 1592 383 1632 Nunc
414 1603 513 1643 opus
544 1597 606 1630 est
636 1593 741 1631 sucis
759 1623 770 1644 ‚
801 1603 872 1643 per
904 1603 1002 1642 quos
1034 1597 1218 1631 renovata
1248 1597 1432 1632 senectus

269 1651 313 1690 ln
345 1650 482 1690 florem
513 1649 677 1703 redeat,
707 1652 935 1701 primosque
967 1649 1168 1702 recolligat
1199 1661 1344 1690 annos.

269 1709 320 1748 Et
350 1708 491 1748 dabitis
511 1739 520 1747 .
558 1720 686 1760 neque
718 1710 822 1747 enim
855 1710 1079 1748 micuerunt
1109 1709 1238 1748 sidera
1269 1709 1439 1762 frustra,

269 1768 350 1807 Nec
382 1768 529 1806 frustra
560 1767 763 1806 volucrum
795 1773 943 1806 tractus
975 1769 1128 1807 cervice
1160 1767 1375 1807 draconum

271 1826 420 1866 Currus
452 1826 562 1865 adest
581 1822 606 1864 .'
644 1825 778 1865 aderat
808 1826 1002 1865 demissus
1033 1825 1082 1865 ab
1113 1826 1271 1866 aethere
1303 1838 1466 1866 currus.

183 1893 250 1926 220
270 1884 356 1931 Quo
389 1884 505 1923 simul
536 1883 740 1937 ascendit,
771 1884 999 1935 frenataque
1031 1884 1129 1923 colla
1160 1884 1374 1925 draconum

269 1942 482 1983 Permulsit
499 1975 510 1995 ,
542 1942 800 1994 manibusque
831 1942 936 1982 leves
968 1944 1125 1993 agitavit
1154 1943 1349 1994 habenas,

271 2001 457 2040 Sublimis
489 2003 669 2053 rapitur,
701 2000 955 2052 subiectaque
987 2001 1173 2040 Thessala
1203 2002 1350 2054 Tempe

269 2060 462 2112 Dispicit,
494 2065 534 2099 et
564 2059 724 2099 Tricces
755 2059 982 2111 regionibus
1013 2060 1180 2111 applicat
1210 2072 1380 2112 angues:

268 2118 319 2157 Et
350 2130 446 2170 quas
479 2117 576 2157 Ossa
607 2118 724 2171 tulit,
756 2130 852 2169 quas
883 2118 1004 2158 altum
1035 2117 1171 2158 Pelion
1201 2118 1367 2170 herbas,

181 2185 249 2216 225
270 2176 414 2228 Othrys
447 2189 543 2228 quas
574 2176 801 2227 Pindusque
834 2182 873 2216 et
903 2176 1026 2215 Pindo
1058 2178 1182 2216 maior
1213 2177 1426 2231 Olympus,

269 2235 463 2286 Perspicit
479 2266 491 2288 ,
523 2240 563 2274 et
593 2235 753 2287 placitas
784 2237 926 2286 partim
959 2235 1089 2274 radice
1120 2235 1296 2289 revellit,

268 2293 416 2332 Partim
447 2293 614 2333 succidit
645 2295 870 2333 curvamine
901 2292 1011 2332 falcis
1042 2297 1183 2333 aenae.

267 2351 388 2390 Multa
420 2363 576 2403 quoque
608 2352 773 2404 Apidani
804 2352 1038 2404 placuerunt
1067 2354 1242 2404 gramina
1273 2354 1388 2405 ripis,
