1554 2563
141 136 225 176 248
374 149 544 171 caunum
695 135 906 171 METAMM
921 165 928 172 .

257 246 409 285 Thesea
440 245 683 285 Demoleon:
715 245 837 284 solido
870 245 1053 285 divellere
1086 245 1233 286 dudum

257 305 453 343 Annosam
484 306 621 356 pinum
652 316 790 356 magno
824 304 1021 343 molimine
1053 310 1239 357 temptat3

258 363 370 409 Quod
403 364 493 414 quia
524 375 602 402 non
634 365 761 415 potuit
778 395 790 416 ,
821 364 1079 414 praefractam
1110 365 1216 402 misit
1241 365 1279 402 in
1305 363 1479 403 hostem.

259 422 335 461 Sed
368 421 506 473 procul
537 434 557 460 a
589 422 666 460 telo
698 422 875 460 Theseus
907 423 1086 460 veniente
1118 424 1283 461 recessit

170 489 237 520 360
258 480 433 519 Pallados
466 481 696 533 admonitu3
728 480 835 519 credi
868 481 924 518 sic
955 482 1039 532 ipse
1071 480 1245 520 volebat.

257 539 343 578 Non
376 546 505 578 tamen
538 539 654 577 arbor
684 541 791 578 iners
824 539 993 578 cecidit:
1026 551 1114 578 nam
1147 539 1347 578 Crantoris
1380 540 1445 578 alti

257 598 432 637 Abscidit
462 598 596 649 iugulo
628 603 845 649 pectusque
878 609 1139 648 umerumque
1171 599 1397 637 sinistrum.

257 657 436 708 Armiger
466 656 531 695 ille
562 658 620 695 tui
652 657 779 695 fuerat
810 657 999 707 genitoris
1017 688 1028 709 ,
1059 656 1231 709 Achille,

258 716 384 761 Quem
416 715 607 767 Dolopum
638 720 770 753 rector
801 714 902 754 bello
935 720 1144 766 superatus
1163 746 1174 768 ,
1206 716 1393 767 Amyntor

169 781 237 813 365
257 774 444 813 Aeacidae
477 774 638 813 dederat
668 775 775 825 pacis
805 775 1025 825 pignusque
1058 773 1275 825 fidemque.

257 832 371 872 Hunc
402 832 540 884 procul
571 838 616 872 ut
646 832 759 871 foedo
792 832 999 871 disiectum
1031 832 1191 871 vulnere
1223 832 1364 872 Peleus

257 891 389 944 Vidit,
421 888 491 930 “at
522 891 682 930 inferias
701 923 711 943 ,
743 892 929 930 iuvenum
961 892 1181 941 gratissime
1216 890 1404 943 Crantor,

257 946 431 1001 Accipe'’
464 952 545 1003 ait,
577 949 782 1000 validoque
814 951 854 988 in
886 949 1138 988 Demoleonta
1169 949 1316 989 lacerto

182 1030 235 1036 -—
258 1008 487 1047 Fraxineam
519 1009 653 1061 misit,
686 1009 827 1047 mentis
861 1020 1016 1059 quoque
1049 1008 1197 1047 viribus
1217 1040 1228 1060 ,
1259 1008 1433 1061 hastam,

169 1075 237 1106 370
259 1067 366 1112 Quae
398 1067 564 1106 laterum
597 1073 745 1106 cratem
775 1068 984 1119 perrupit,
1016 1072 1055 1106 et
1087 1066 1241 1106 ossibus
1273 1066 1440 1107 haerens

258 1126 493 1164 Intremuit.
532 1125 652 1164 trahit
682 1125 745 1164 ille
778 1137 895 1164 manu
928 1126 1011 1164 sine
1045 1125 1206 1176 cuspide
1238 1125 1410 1176 lignum:

257 1184 299 1223 ld
332 1196 488 1235 quoque
520 1185 581 1222 vix
614 1185 822 1236 sequitur3
854 1185 985 1235 cuspis
1011 1184 1194 1235 pulmone
1222 1189 1374 1223 retenta
1399 1191 1480 1224 est.

258 1242 344 1294 Ipse
377 1242 488 1281 dolor
520 1244 622 1281 vires
655 1243 782 1280 animo
815 1241 958 1281 dabat:
990 1254 1105 1293 aeger
1139 1244 1179 1281 in
1210 1242 1363 1282 hostem

258 1301 461 1353 Erigitur,
493 1300 737 1352 pedibusque
768 1301 896 1339 virum
928 1301 1130 1351 proculcat
1161 1302 1338 1352 equinis.

172 1368 237 1398 375
258 1359 413 1410 Excipit
443 1359 506 1397 ille
538 1361 640 1398 ictus
671 1358 777 1409 galea
810 1359 1012 1410 clipeoque
1045 1364 1252 1411 sonantes,

258 1417 518 1468 Defensatque
551 1429 738 1469 umeros,
770 1423 1051 1468 praetentaque
1084 1419 1252 1457 sustinet
1283 1430 1411 1457 arma:

257 1476 411 1527 Perque
444 1488 573 1515 armos
605 1488 683 1514 uno
716 1476 792 1514 duo
825 1481 984 1527 pectora
1015 1477 1190 1527 perforat
1220 1478 1323 1516 ictu.

258 1535 356 1574 Ante
389 1540 519 1573 tamen
550 1534 628 1573 leto
660 1534 821 1573 dederat
851 1534 1093 1585 Phlegraeon
1125 1541 1165 1574 et
1195 1534 1319 1586 Hylen

259 1593 422 1632 Eminus
441 1625 452 1646 ,
483 1593 691 1644 lphinoum
723 1592 862 1632 collato
894 1593 1016 1632 Marte
1049 1593 1285 1644 Claninque.

173 1660 238 1691 380
258 1652 424 1691 Additur
455 1651 516 1690 his
549 1651 737 1703 Dorylas,
769 1653 836 1702 qui
868 1657 1043 1703 tempora
1076 1657 1178 1690 tecta
1208 1651 1369 1703 gerebat

257 1710 362 1749 Pelle
394 1710 505 1761 lupi,
537 1712 718 1760 saevique
750 1711 874 1748 vicem
905 1712 1141 1761 praestantia
1173 1710 1241 1749 teli

258 1769 413 1807 Cornua
444 1780 533 1807 vara
565 1768 685 1808 boum
716 1768 837 1807 multo
870 1767 1072 1807 rubefacta
1103 1780 1268 1808 cruore.

258 1826 359 1866 Huic
392 1839 462 1879 ego
482 1859 493 1880 ,
530 1839 618 1866 nam
655 1828 758 1866 vires
797 1828 948 1865 animus
986 1827 1130 1880 dabat,
1162 1824 1323 1879 “aspice
1342 1825 1368 1880 ,’
1401 1828 1478 1868 dixi

259 1883 471 1931 ‘Quantum
504 1885 720 1925 concedant
750 1890 886 1924 nostro
919 1891 984 1924 tua
1016 1897 1163 1925 cornua
1194 1883 1332 1925 ferro³²

171 1952 237 1984 385
258 1944 307 1983 Et
338 1945 507 1983 iaculum
539 1945 664 1983 torsi.
704 1944 807 1994 quod
839 1955 928 1982 cum
960 1945 1081 1983 vitare
1114 1946 1320 1998 nequiret,

258 2002 452 2054 Opposuit
483 2003 657 2042 dextram
690 2014 876 2053 passurae
908 2002 1068 2041 vulnera
1101 2003 1243 2041 fronti.

257 2062 380 2100 Affixa
411 2067 472 2101 est
504 2074 592 2100 cum
625 2062 752 2100 fronte
784 2073 951 2100 manus:
983 2061 1026 2099 fit
1057 2061 1230 2100 clamor:
1262 2067 1301 2101 at
1331 2062 1439 2101 illum

257 2119 493 2159 Haerentem
524 2119 665 2158 Peleus
697 2125 737 2158 et
768 2119 908 2158 acerbo
941 2119 1102 2158 vulnere
1134 2121 1279 2158 victum
1312 2142 1366 2148 —-

259 2178 392 2217 Stabat
419 2180 521 2218 enim
547 2179 708 2230 propior
728 2200 782 2206 —
803 2178 969 2217 mediam
995 2178 1087 2216 serit
1111 2190 1204 2217 ense
1231 2178 1304 2218 sul)
1330 2178 1476 2218 alvum.

171 2244 237 2276 390
257 2236 473 2290 Prosiluit,
506 2243 689 2287 terraque
722 2237 831 2276 ferox
864 2248 933 2275 sua
964 2237 1113 2275 viscera
1145 2239 1284 2289 traxit,

257 2294 474 2345 Tractaque
508 2295 667 2334 calcavit
684 2327 695 2348 ,
728 2295 950 2346 calcataque
982 2296 1117 2347 rupit,
1150 2301 1188 2334 et
1218 2295 1293 2334 illis

258 2352 380 2392 Crura
413 2366 568 2405 quoque
601 2353 777 2405 impediit
809 2359 848 2392 et
878 2354 984 2392 inani
1017 2353 1186 2392 concidit
1217 2353 1322 2393 alvo.
