1554 2563
486 133 594 178 XIV,
620 137 829 169 642—716.
861 146 1066 170 vnnrmuuus
1082 161 1090 169 .
1116 147 1210 169 IPHIS
1247 132 1330 175 301

112 242 170 281 Me
205 255 360 294 quoque
392 244 534 295 pignus
566 242 694 282 habe.
732 255 859 294 neque
893 245 995 282 enim
1027 243 1102 283 sibi
1134 245 1263 283 notior

1155 302 1218 341 ille
1252 309 1334 354 est,

22 367 92 398 680
114 359 238 405 Quam
270 360 364 399 mihi
384 391 392 399 .
430 372 503 399 nec
534 367 618 400 toto
657 361 802 412 passim
834 372 953 411 vagus
985 368 1089 399 errat
1120 363 1160 400 in
1192 360 1310 412 orbe,

111 418 192 457 Nec
211 417 295 457 loca
315 430 452 470 magna
479 419 570 458 colit
587 451 598 472 ‚
625 431 696 458 nec
715 450 726 471 ‚
752 420 809 457 uti
829 431 919 470 pars
940 431 1076 470 magna
1095 431 1332 472 procorum,

113 476 217 522 Quas
249 477 364 516 modo
396 477 520 529 vidit,
553 484 682 517 amat.
719 484 763 516 tu
795 479 945 529 primus
977 483 1016 517 et
1048 478 1208 517 ultimus
1240 477 1293 516 illi

112 535 240 574 Ardor
273 537 351 574 eris
370 568 381 588 ‚
414 536 564 587 solique
597 548 689 575 suos
720 535 792 575 tibi
824 536 987 575 devovet
1017 548 1162 576 annos.

114 594 220 632 Adde
240 626 251 647 ,
284 594 386 645 quod
420 601 479 634 est
510 596 662 633 iuvenis
681 627 691 646 ,
724 594 827 645 quod
855 595 1030 634 naturale
1063 596 1216 634 decoris

23 660 91 691 685
112 651 255 692 Munus
288 652 433 706 habet,
464 653 690 703 formasque
724 659 810 704 apte
844 654 1013 704 fingetur
1044 655 1084 693 in
1117 665 1275 704 omnes,

112 710 161 750 Et
193 711 297 762 quod
330 713 405 750 erit
436 713 568 751 iussus
588 744 598 763 ‚
631 711 765 750 iubeas
798 712 889 750 licet
920 713 1048 751 omnia
1068 745 1078 764 ,
1110 713 1198 751 fiet.

113 769 214 814 Quid
233 801 244 822 ‚
277 770 379 820 quod
413 772 549 809 amatis
581 770 684 809 idem
705 768 726 809 ?
759 770 891 823 quod,
924 783 1021 821 quae
1055 770 1125 810 tibi
1156 783 1268 822 poma

1130 829 1333 880 coluntur,

112 887 268 926 Primus
300 887 417 926 habet
435 920 445 940 ‚
477 888 654 939 laetaque
688 894 795 927 tenet
826 894 891 927 tua
924 900 1087 927 munera
1119 885 1288 927 dextra?

114 945 190 984 Sed
222 958 351 997 neque
383 948 459 985 iam
492 948 595 985 setus
621 946 818 986 desiderat.
849 946 988 986 arbore
1022 947 1222 999 demptos,

23 1012 92 1043 690
112 1004 222 1057 Nec,
256 1017 351 1056 quas
384 1005 522 1044 hortus
555 1005 649 1057 alit,
682 1017 771 1044 cum
804 1007 908 1044 sucis
941 1006 1101 1045 mitibus
1133 1004 1298 1056 herbas,

112 1062 192 1102 Nec
219 1065 429 1114 quicquam
447 1095 458 1116 ,
489 1065 564 1102 nisi
591 1071 628 1102 te
649 1095 657 1103 .
696 1065 883 1102 miserere
910 1064 1084 1103 ardentis
1103 1095 1114 1116 ‚
1147 1070 1184 1102 et
1204 1065 1332 1114 ipsum

114 1121 227 1167 Quod
259 1124 386 1175 petit,
418 1134 486 1161 ore
519 1134 605 1161 meo
637 1128 887 1173 praesentem
919 1122 1036 1161 crede
1068 1123 1247 1174 precari:

113 1180 347 1232 Ultoresque
381 1181 474 1219 deos
507 1188 546 1219 et
576 1186 735 1232 pectora
767 1181 864 1219 dura
896 1193 1076 1232 perosam

114 1238 257 1277 Idalien
289 1251 582 1290 memoremque
614 1241 706 1278 time
739 1239 1016 1278 Rhamnusidis
1047 1241 1167 1278 iram.

25 1304 92 1335 695
115 1297 279 1349 Quoque
312 1299 433 1349 magis
465 1299 626 1350 timeas,
647 1319 701 1325 -—
723 1299 868 1337 etenim
894 1298 988 1336 mihi
1015 1298 1135 1337 multa
1162 1303 1332 1337 vetustas

115 1355 223 1395 Scire
257 1356 364 1395 dedit
396 1378 450 1384 -—
484 1357 652 1395 referam
684 1362 764 1395 tota
796 1358 997 1395 notissima
1030 1356 1156 1408 Cypro

114 1414 258 1467 Facta,
290 1414 432 1466 quibus
463 1415 569 1454 ssecti
601 1412 725 1453 facile‘
743 1421 782 1453 et
814 1417 1020 1454 mitescere
1052 1417 1202 1466 possis.

174 1472 331 1512 Viderat
361 1485 382 1512 a
412 1475 556 1512 veteris
588 1485 818 1524 generosam
851 1474 1039 1524 sanguine
1071 1473 1215 1512 Teucri
1278 1523 1281 1526 Ι

115 1531 220 1583 Iphis
252 1532 526 1584 Anaxareten,
558 1531 696 1570 humili
728 1532 775 1570 de
807 1533 929 1582 stirpe
963 1537 1140 1583 creatus3

29 1597 95 1630 1τοο
115 1589 301 1643 Viderat,
333 1596 371 1629 et
403 1592 494 1629 totis
526 1596 757 1641 perceperat
788 1590 942 1628 ossibus
975 1596 1148 1629 aestum.

115 1648 382 1700 Luctatusque
405 1649 481 1697 ‘diu
501 1680 512 1701 ‚
542 1654 749 1700 postquam
782 1650 932 1687 ratione
965 1649 1140 1688 furorem

114 1707 280 1746 Vincere
312 1719 390 1746 non
422 1708 550 1758 potuit
568 1738 578 1759 ‚
611 1707 774 1758 supplex
806 1706 852 1745 ad
884 1707 1016 1746 limina
1048 1709 1178 1746 venit:

115 1765 165 1805 Et
195 1766 310 1805 modo
342 1767 488 1805 nutrici
519 1767 707 1805 miserum
739 1766 942 1804 confessus
974 1777 1165 1819 amorem,

29 1831 97 1863 ‘104
116 1823 172 1863 Ne
205 1824 279 1863 sibi
311 1824 408 1864 dura
441 1825 542 1863 foret
560 1855 571 1876 ‚
603 1836 673 1875 per
705 1836 794 1875 spes
827 1825 951 1863 oravit
981 1824 1181 1877 alumnae3

30 1889 95 1921 708
117 1882 319 1922 Interdum
351 1882 522 1921 madidas
554 1882 802 1921 lacrimarum
833 1894 923 1929 rore
956 1895 1119 1921 coronas

117 1940 301 1980 Postibus
333 1941 532 1992 intendit,
563 1942 771 1992 posuitque
803 1942 843 1979 in
876 1941 1008 1980 H'mine
1042 1941 1141 1980 duro

31 2006 97 2038 ⁷10
118 1998 230 2038 Molle
263 1999 364 2039 latus
383 2031 393 2051 ‚
425 2001 630 2050 tristisque
663 2011 773 2038 serae
807 2000 980 2038 convicia
1014 2000 1132 2038 fecit.

118 2057 277 2096 Saevior
307 2058 371 2097 illa
403 2058 503 2097 freto
537 2064 722 2108 surgente
755 2057 984 2096 cadentibus
1016 2057 1181 2109 Haedis,

118 2115 261 2155 Durior
293 2122 331 2155 et
362 2117 497 2168 ferro,
530 2116 634 2167 quod
666 2115 832 2155 Noricus
865 2117 1048 2167 excoquit
1078 2118 1201 2168 ignis,

118 2174 167 2213 Et
199 2187 320 2227 sam,
353 2175 456 2226 quod
490 2175 615 2213 adhuc
646 2176 775 2213 vivum
808 2174 936 2213 radice
969 2180 1150 2226 tenetur,

121 2232 309 2285 Spernit,
341 2239 380 2272 et
410 2233 579 2285 irridet;
612 2233 801 2284 factisque
834 2232 1036 2272 inmitibus
1068 2233 1173 2272 addit

32 2298 98 2329 715
118 2290 244 2330 Verba
270 2291 439 2343 superba
464 2292 574 2330 ferox
600 2297 639 2330 et
663 2303 731 2342 spe
759 2303 916 2342 quoque
942 2291 1096 2331 fraudat
1121 2298 1328 2331 amantem,

118 2349 203 2388 Non
234 2349 324 2389 tulit
353 2351 559 2402 impatiens
591 2349 695 2401 longi
726 2355 921 2389 tormenta
953 2349 1097 2389 doloris
