1554 2563
81 86 136 127 58
292 98 475 121 &memsuis
631 84 844 119 METAMM
859 112 867 119 .

111 203 179 234 435
200 194 261 234 Nil
292 194 409 234 habet
439 196 512 234 ista
544 196 634 235 sui.
672 200 803 234 tecum
835 196 1018 246 venitque
1037 226 1048 247 ,
1080 201 1312 246 manetque3

197 253 345 293 Tecum
378 253 582 306 discedet,
613 254 647 293 si
678 258 721 292 tu
747 253 949 292 discedere
982 254 1132 304 possis.

197 311 283 351 Non
315 311 425 351 illum
458 311 643 364 Cereris,
675 323 753 351 non
784 311 895 350 illum
927 323 1021 350 cura
1053 313 1196 362 quietis

197 369 434 409 Abs-trahere
464 370 555 409 inde
586 376 745 422 potest:
776 369 844 409 sed
877 381 996 421 opaea
1027 370 1138 409 fusus
1169 371 1210 409 in
1242 369 1361 410 herba

200 428 360 480 Spectat
390 428 587 480 inexpleto
619 428 846 468 mendacem
877 428 1024 467 lumine
1057 429 1244 481 sormam,

112 496 179 527 440
198 487 354 538 Perque
386 487 520 526 oculos
552 489 654 539 perit
685 489 769 539 ipse
801 499 923 526 suOS.
954 486 1192 538 paulumque
1224 487 1395 540 levatus,

198 545 255 584 Ad
288 547 588 585 circumstantes
620 545 785 585 tendens
816 557 887 586 sua
917 544 1100 584 bracchia
1131 545 1270 598 silvas,

199 601 360 656 ‘Ecquis
378 636 389 657 ,
420 606 458 643 io
490 604 607 643 silvae
626 636 637 656 ,
669 600 883 643 crudelius'
915 605 1044 654 inquit
1075 600 1264 644 ‘amavit‘P

200 663 317 701 Scitis
350 664 453 702 enim
485 668 525 702 et
555 662 688 702 multis
720 662 868 701 latebra
900 667 1120 714 opportuna
1151 663 1303 702 fuistis.

197 721 373 772 Ecquem
391 753 402 775 ‚
435 734 524 760 cum
549 727 702 760 vestrae
734 726 792 760 tot
824 727 988 772 agantur
1019 720 1174 760 saecula
1205 723 1327 775 vitae,

112 786 178 818 445
200 780 275 825 Qui
307 781 363 819 sic
396 779 594 833 tabuerit,
625 780 740 831 longo
767 780 998 818 meministis
1030 780 1070 818 in
1102 777 1230 819 aevo?

199 838 248 877 Et
279 838 406 889 placet
437 844 477 878 et
506 838 648 878 video:
680 837 749 877 sed
781 838 884 889 quod
910 837 1100 889 videoque
1132 837 1362 891 placetque,

199 896 285 936 Non
317 903 447 936 tamen
478 898 658 936 invenio:
690 900 823 936 tantus
847 901 955 935 tenet
987 908 1098 935 error
1130 903 1345 936 amantem.

201 955 367 1006 Quoque
399 957 521 1006 magis
553 955 703 995 doleam
722 986 733 1007 ,
764 966 838 994 000
869 966 941 993 nos
961 966 1067 994 mare
1088 961 1243 1007 separat
1261 958 1422 1008 ingens,

200 1014 281 1052 Nec
312 1015 400 1065 via,
433 1026 506 1053 nec
538 1020 690 1053 montes
709 1044 720 1066 ,
752 1025 826 1052 000
857 1012 999 1052 clausis
1031 1015 1185 1052 moenia
1215 1016 1364 1065 portis:

112 1079 180 1112 450
200 1071 350 1124 Exigua
381 1072 636 1124 prohibemur
668 1084 794 1123 aqua.
835 1073 944 1123 cupit
974 1072 1058 1124 ipse
1089 1073 1241 1112 teneri:

200 1130 297 1169 Nam
329 1132 511 1182 quotiens
542 1130 700 1182 liquidis
732 1132 979 1182 porreximus
1011 1129 1143 1169 oscula
1174 1130 1364 1183 lymphis,

200 1188 272 1228 Hic
304 1191 448 1228 totiens
481 1189 527 1228 ad
560 1201 621 1228 me
653 1191 838 1240 resupino
872 1190 1011 1228 nititur
1037 1200 1128 1227 ore.

200 1247 320 1286 Posse
357 1253 472 1299 putes
509 1249 646 1298 tangi:
684 1248 889 1287 minimum
928 1253 988 1286 est
1010 1278 1021 1299 ,
1059 1247 1163 1298 quod
1204 1248 1422 1288 amantibus

1060 1305 1211 1345 obstat.

201 1365 387 1416 Quisquis
419 1377 491 1417 es,
522 1365 599 1403 huc
631 1363 721 1404 exi!
754 1365 846 1416 quid
879 1377 969 1417 me,
995 1376 1094 1415 puer
1125 1365 1270 1418 unice,
1301 1365 1424 1418 fallis,

113 1430 180 1462 455
203 1423 336 1469 Quove
361 1425 508 1475 petitus
540 1423 623 1462 abis
642 1421 664 1462 Ῥ
696 1429 802 1462 certe
836 1435 908 1461 nec
941 1423 1064 1461 forma
1095 1434 1169 1462 nec
1200 1429 1305 1462 aetas

201 1481 272 1521 Est
284 1493 370 1520 mea
382 1513 392 1534 ,
408 1493 524 1534 quam
539 1482 663 1533 fugias
676 1513 687 1533 ,
708 1488 747 1521 et
760 1487 939 1520 amarunt
955 1493 1015 1520 me
1032 1493 1187 1532 quoque
1209 1482 1399 1534 nymphae
1416 1514 1421 1520 .

203 1540 322 1592 Spem
353 1540 448 1579 mihi
480 1542 612 1579 neseio
640 1552 756 1592 quam
788 1539 897 1579 vultu
929 1540 1126 1591 promittis
1158 1541 1307 1594 amico,

203 1598 378 1650 Cumque
411 1611 482 1650 ego
514 1600 673 1650 porrexi
704 1598 775 1638 tibi
806 1597 1017 1651 bracchia,
1047 1599 1216 1650 porrigis
1248 1599 1376 1639 ultro:

205 1657 303 1696 Cum
334 1659 433 1709 risi,
465 1657 643 1697 arrides:
675 1656 854 1696 lacrimas
887 1668 1043 1708 quoque
1075 1668 1190 1708 saepe
1223 1659 1352 1696 notavi

115 1724 183 1754 460
203 1716 263 1754 Me
296 1716 522 1754 lacrimante
554 1721 664 1756 tuas:
696 1721 795 1754 nutu
828 1726 984 1766 quoque
1016 1716 1125 1766 signa
1157 1716 1348 1755 remittis:

202 1773 280 1827 Et,
313 1780 502 1825 quantum
535 1780 643 1813 motu
675 1774 837 1812 formosi
868 1775 1049 1825 suspicor
1079 1775 1183 1826 oris,

204 1831 328 1871 Verba
360 1833 487 1871 refers
505 1863 516 1884 ,
549 1843 663 1871 aures
695 1843 774 1871 000
805 1833 1073 1883 pervenientia
1105 1838 1259 1871 nostras
1292 1853 1347 1860 -

203 1891 281 1930 Iste
314 1902 385 1942 ego
419 1889 534 1930 sum!
568 1891 702 1942 sensi3
734 1901 807 1929 000
839 1901 900 1928 me
932 1901 1017 1929 mea
1048 1889 1145 1929 fallit
1175 1892 1323 1942 imago.

203 1949 305 1988 Uror
337 1961 468 1988 amore
501 1951 607 2001 mei,
638 1949 810 1988 flammas
837 1959 1052 2000 moveoque
1084 1949 1271 2000 feroque.

116 2015 183 2046 465
205 2007 306 2053 Quid
326 2005 498 2047 faciam?
517 2019 656 2060 roger,
676 2019 775 2046 3000
789 2018 923 2058 rogem
936 2004 958 2045 ⁴?
977 2006 1071 2057 quid
1086 2007 1225 2046 deinde
1245 2006 1390 2059 rogabo
1403 2008 1425 2046 ἰ’

205 2066 317 2112 Quod
350 2069 464 2117 euplo
497 2077 652 2105 mecum
677 2070 766 2105 est:
799 2067 955 2116 inopem
986 2077 1049 2104 me
1082 2067 1192 2117 copia
1224 2066 1341 2105 fecit.

205 2124 235 2163 Ο
269 2126 417 2164 utinam
449 2137 470 2163 a
502 2130 637 2163 nostro
671 2123 856 2163 secedere
889 2135 1054 2175 corpore
1083 2123 1265 2175 possem!

205 2181 345 2222 Votum
370 2185 410 2222 in
443 2188 594 2222 amante
626 2194 799 2235 novum,
830 2181 967 2220 vellem
1001 2182 1105 2232 quod
1137 2194 1334 2236 amamus,

1161 2241 1337 2281 abesset!
1371 2263 1421 2270 —-

206 2299 362 2351 lamque
395 2299 505 2338 dolor
537 2301 638 2338 vires
671 2298 830 2349 adimit,
863 2310 935 2338 nec
966 2304 1143 2351 tempora
1174 2301 1273 2339 vitae
