1554 2563
611 110 644 145 11
663 138 672 155 ‚
697 114 901 146 727—799.
1069 123 1209 146 mvmm
1374 109 1430 151 43

206 221 347 261 Tristis
378 227 419 261 et
448 222 576 273 ignavi
607 220 833 272 plenissima
864 221 1021 272 frigoris
1040 252 1052 273 ‚
1084 226 1122 259 et
1154 232 1254 271 quae

210 280 300 331 Igne
333 285 444 319 vacet
475 291 661 332 semper,
693 278 857 330 caligine
891 290 1047 330 semper
1079 278 1272 319 abundet.

119 337 293 377 '165lluc
324 337 392 377 ubi
422 339 603 390 pervenit
626 336 721 377 belli
751 337 962 376 metuenda
993 338 1148 390 virago,

208 396 392 436 Constitit
422 403 510 436 ante
543 396 732 448 domum,
764 408 892 447 neque
932 397 1037 435 enim
1069 396 1285 435 succedere
1318 398 1431 436 tectis

206 455 280 494 Fas
311 454 429 494 habet
445 487 457 507 ,
489 461 528 494 et
557 461 692 507 postes
724 460 898 494 extrema
929 454 1090 506 cuspide
1121 455 1272 506 pulsat.

207 514 429 554 Concussae
459 519 623 565 patuere
654 513 789 552 fores.
828 513 933 552 videt
962 514 1069 552 intus
1096 512 1278 553 edentem

209 572 391 625 Vipereas
424 584 562 611 carnes
581 604 592 624 ,
622 573 807 611 vitiorum
839 572 1021 611 alimenta
1052 583 1239 625 suorum,

120 639 188 671 770
208 631 396 671 Invidiam
414 663 426 684 ,
451 632 610 683 visaque
642 630 778 670 oculos
809 632 976 670 avertit.
1014 636 1053 669 at
1082 630 1146 669 illa

208 690 343 741 Surgit
373 690 492 729 humo
523 687 635 741 pigre
666 701 987 740 semesarumque
1019 688 1205 740 relinquit

208 748 382 800 Corpora
413 754 642 800 serpentum
660 780 671 800 ,
701 760 899 800 passuque
931 747 1078 787 incedit
1108 749 1250 800 inerti3

207 807 336 859 thue
368 807 480 846 deam
511 806 608 846 vidit
638 807 841 858 formaque
874 808 1071 858 armisque
1104 807 1309 858 decoram,

209 866 431 919 Ingemuit,
462 866 692 917 vultumque
723 867 819 904 inita
850 865 897 904 ad
928 866 1097 916 suspiria
1129 865 1260 904 duxit.

122 933 188 964 ‘175
208 924 337 964 Pallor
368 927 408 964 in
441 937 508 963 ore
541 924 679 976 sedet,
711 926 856 963 macies
886 926 926 962 in
959 935 1124 975 corpore
1156 929 1263 976 toto,

209 983 411 1035 Nusquam
442 990 550 1022 recta
582 984 685 1022 acies
705 1014 716 1035 ,
746 983 868 1022 livent
898 981 1080 1033 rubigine
1113 982 1275 1034 dentes,

209 1042 375 1081 Pectora
406 1042 495 1081 felle
527 1043 684 1093 virent,
715 1041 848 1092 lingua
873 1046 934 1079 est
964 1041 1112 1079 suffusa
1143 1052 1316 1079 veneno.

210 1101 328 1140 Risus
360 1100 500 1153 abest,
531 1101 607 1139 nisi
639 1112 756 1151 quem
787 1100 860 1138 visi
890 1111 1047 1138 movere
1080 1098 1259 1153 dolores,

210 1159 291 1198 Nec
322 1161 468 1198 fruitur
500 1171 636 1198 somno
655 1189 666 1210 ‚
697 1157 925 1209 vigilacibus
957 1159 1085 1197 excita
1117 1158 1248 1211 curis,

124 1226 191 1258 ‘180
212 1217 290 1258 Sed
321 1218 426 1257 videt
455 1219 630 1269 ingratos
648 1249 659 1269 ,
690 1215 978 1267 intabescitque
1009 1216 1199 1269 videndo,

213 1277 430 1316 Successus
461 1276 664 1315 hominum
682 1307 693 1328 ,
725 1277 928 1327 carpitque
961 1281 1002 1314 et
1032 1275 1207 1327 carpitur
1239 1287 1340 1328 una,

214 1335 537 1387 Suppliciumque
557 1347 673 1374 suum
694 1341 775 1373 est.
808 1335 984 1385 quamvis
1004 1339 1135 1373 tamen
1156 1333 1315 1386 oderat,
1334 1333 1436 1373 illam

212 1394 372 1434 Talibus
404 1395 517 1434 affata
549 1401 609 1433 est
639 1393 812 1432 breviter
843 1392 1021 1431 Tritonia
1053 1392 1195 1432 dictis:

213 1450 346 1492 ‘Infice
379 1452 467 1492 tabe
498 1459 565 1492 tua
596 1458 777 1491 natarum
809 1450 994 1502 Cecropis
1026 1462 1165 1490 unam.

127 1520 193 1552 '185
216 1511 281 1551 Sic
312 1523 411 1563 opus
443 1518 530 1550 est.
568 1511 757 1562 Aglauros
795 1521 840 1548 ea
877 1515 938 1548 est
958 1506 982 1548 .'
1020 1509 1125 1548 haud
1162 1508 1277 1560 plura
1308 1509 1436 1549 locuta

214 1570 330 1622 Fugit
362 1577 401 1609 et
430 1571 609 1621 inpressa
639 1568 822 1608 tellurem
853 1567 1026 1619 reppulit
1056 1567 1189 1606 hasta.

214 1629 281 1668 llla
313 1629 425 1667 deam
457 1628 614 1680 obliquo
646 1628 862 1678 fugientem
892 1625 1039 1665 lumine
1072 1638 1239 1665 cernens

215 1688 415 1727 Murmura
446 1699 564 1739 parva
596 1686 731 1738 dedit,
763 1696 1122 1736 successurumque
1153 1683 1350 1724 Minervae

216 1746 386 1786 Indoluit
405 1777 414 1785 .
451 1745 713 1796 baculumque
746 1745 878 1795 capit,
910 1743 1014 1795 quod
1045 1744 1182 1795 spinea
1212 1749 1339 1783 totum

129 1814 196 1846 790
215 1805 378 1845 Vincula
410 1804 647 1856 cingebant3
679 1803 943 1855 adopertaque
976 1801 1147 1842 nubibus
1179 1803 1275 1841 atris

218 1864 472 1915 Quacumque
503 1863 724 1915 ingreditur
742 1893 753 1914 ,
784 1861 964 1900 florentia
995 1861 1163 1912 proterit
1193 1872 1306 1913 arva,

216 1922 435 1973 Exuritque
466 1921 609 1961 herbas
641 1928 680 1960 et
711 1932 863 1960 summa
895 1920 1097 1959 cacumina
1128 1919 1278 1970 carpit,

217 1981 439 2032 Afssatuque
471 1993 543 2020 suo
574 1979 741 2032 populos
772 1977 973 2029 urbesque
1005 1978 1221 2028 domosque

218 2039 391 2092 Polluit,
422 2045 463 2079 et
492 2039 650 2078 tandem
680 2037 885 2077 Tritonida
917 2037 1110 2088 conspicit
1140 2047 1271 2075 arcem

132 2107 198 2138 795
219 2098 391 2150 Ingeniis
422 2097 642 2149 opibusque
675 2104 715 2136 et
744 2097 845 2136 festa
875 2107 971 2147 pace
1004 2097 1220 2147 virentem,

218 2157 367 2208 Vixque
398 2162 509 2196 tenet
537 2156 717 2195 lacrimas
734 2188 746 2208 ‚
779 2156 868 2206 quia
900 2153 954 2193 nil
986 2151 1224 2193 lacrimabile
1257 2153 1406 2192 cernit.

220 2215 297 2255 Sed
327 2222 535 2267 postquam
565 2214 754 2254 thalamos
785 2214 944 2252 intravit
975 2212 1149 2264 Cecrope
1180 2217 1317 2265 natae,

219 2274 329 2314 Iussa
359 2275 451 2313 facit
480 2280 700 2325 pectusque
731 2284 849 2312 manu
875 2272 1076 2322 ferrugine
1107 2272 1231 2310 tincta

219 2332 359 2384 Tangit
390 2339 429 2372 et
458 2332 624 2372 hamatis
654 2330 884 2383 praecordia
915 2329 1093 2370 sentibus
1124 2329 1272 2381 inplet,
