1554 2563
559 94 610 129 XI
627 121 636 138 ,
663 98 849 130 273—345
867 123 873 132 .
996 107 1197 131 DAEDALmu
1301 95 1387 137 225

165 203 328 255 Vimque
361 205 423 244 dei
454 206 601 256 patitur
621 236 630 244 .
668 216 745 244 nox
777 204 929 244 caelum
962 210 1159 257 sparserat
1189 207 1327 246 astris:

76 270 144 302 310
165 263 347 303 Phoebus
380 276 497 303 anum
530 262 714 316 simulat,
755 270 1040 315 praereptaque
1073 264 1212 316 gaudia
1244 266 1383 304 sumit.

165 321 216 360 Ut
247 334 316 362 sua
348 329 526 362 maturus
558 321 766 373 complevit
797 327 973 374 tempora
1006 329 1166 375 venter,

164 380 337 431 Alipedis
369 381 417 421 de
449 383 572 432 stirpe
604 380 667 419 dei
699 386 855 420 versuta
886 394 1058 433 propago

164 440 347 479 Nascitur
366 472 377 491 ,
408 440 619 491 Autolycus
638 471 649 492 ,
681 439 831 478 furtum
862 441 1090 491 ingeniosus
1122 440 1169 480 ad
1201 453 1339 494 omne3

166 499 335 538 Candida
367 498 414 538 de
447 500 569 550 nigris
602 504 641 538 et
672 497 719 536 de
753 498 1009 538 candentibus
1041 505 1124 539 atra

75 564 143 596 315
165 557 241 603 Qui
274 558 403 597 facere
436 557 648 610 adsuerat,
680 559 828 608 patriae
861 570 940 596 non
973 558 1144 609 degener
1176 559 1292 598 artis.

163 616 346 655 Nascitur
372 629 392 655 e
418 616 577 655 Phoebo
604 638 659 644 —
690 628 858 667 namque
890 622 950 655 est
982 619 1094 655 enixa
1126 617 1311 668 gemellos
1334 639 1384 645 —-

165 674 344 714 Carmine
376 675 499 714 vocali
532 675 660 714 clarus
693 675 921 726 citharaque
953 675 1219 715 Philammon.

165 733 266 779 Quid
297 735 500 786 peperisse
533 733 632 773 duos
664 739 704 772 et
735 733 794 772 dis
826 734 1019 785 placuisse
1053 735 1206 774 duo-bus

163 791 213 831 Et
245 793 338 831 sorti
369 794 546 843 genitore
580 799 623 831 et
652 794 904 844 progenitore
936 795 1107 832 comanti

75 858 143 890 320
164 850 261 889 Esse
289 856 411 890 satam
437 848 640 902 prodest?
677 863 723 890 an
752 850 865 890 obest
891 864 1047 902 quoque
1074 852 1196 903 gloria
1221 851 1388 892 multis?

165 909 300 948 Obruit
331 909 422 948 huic
455 915 563 948 certe
584 941 592 949 .
631 922 730 961 quae
763 922 804 948 se
836 911 1037 961 praeferre
1070 910 1212 950 Dianae

167 968 393 1021 Sustinuit,
426 969 643 1020 faciemque
676 968 770 1007 deae
803 968 999 1019 culpavit.
1039 974 1078 1007 at
1108 969 1163 1007 illi

164 1027 225 1066 Ira
251 1027 361 1066 ferox
387 1033 491 1066 mota
517 1034 600 1079 est,
632 1023 792 1066 “factis'
819 1039 895 1078 que
923 1024 1211 1078 ‘placebimus''
1238 1029 1387 1079 inquit.

164 1085 245 1124 Nec
277 1098 414 1138 mora,
448 1088 622 1125 curvavit
653 1098 777 1125 cornu
797 1117 808 1138 ,
840 1098 1041 1136 nervoque
1074 1088 1253 1137 sagittam

77 1152 143 1184 325
167 1144 312 1195 Inpulit
330 1176 341 1196 ,
374 1150 413 1183 et
444 1147 624 1184 meritam
657 1145 811 1183 traiecit
841 1144 1062 1183 harundine
1094 1145 1289 1196 linguam.

165 1202 314 1253 Lingua
346 1208 471 1255 tacet,
504 1216 577 1242 nec
604 1216 676 1242 vox
703 1208 969 1254 temptataque
995 1203 1113 1242 verba
1145 1210 1389 1256 sequuntur3

166 1261 458 1312 Conantemqne
490 1262 599 1312 loqui
631 1274 721 1301 cum
753 1263 941 1312 sanguine
973 1263 1051 1300 vita
1083 1262 1264 1313 reliquit.

165 1320 291 1365 Quam
323 1322 442 1359 miser
474 1320 697 1371 amplexans
730 1333 801 1372 ego
834 1326 918 1359 tum
949 1326 1169 1372 patruoque
1202 1321 1376 1360 dolorem

166 1378 291 1417 Corde
324 1379 395 1418 tuli
413 1411 425 1431 ,
458 1380 646 1430 fratrique
678 1380 743 1430 pio
776 1379 917 1417 solacia
949 1380 1060 1431 misi;

78 1446 145 1477 330
167 1437 275 1483 Quae
306 1443 418 1488 pater
450 1438 552 1476 haud
581 1437 718 1490 aliter,
750 1450 866 1488 quam
893 1443 1026 1476 cautes
1053 1450 1255 1477 murmura
1281 1442 1389 1490 ponti

166 1497 348 1548 Accipit,
380 1502 420 1535 et
451 1501 581 1535 natam
612 1496 898 1534 delamentatur
930 1495 1173 1547 ademptam:

166 1554 217 1593 Ut
248 1566 340 1592 vero
373 1555 576 1593 ardentem
607 1554 717 1605 vidit,
751 1553 904 1605 [quater
934 1555 1105 1604 impetus
1136 1554 1191 1593 illi

166 1613 209 1652 In
242 1613 391 1652 medios
424 1614 498 1652 suit
528 1614 585 1652 ire
618 1625 764 1665 rogos3
797 1618 936 1663 quater
968 1613 1057 1652 inde
1090 1613 1273 1665 repulsus

167 1671 328 1710 Concita
359 1671 535 1710 membra
566 1672 680 1722 fugae
712 1671 897 1723 mandat,
930 1671 1145 1722 similisque
1178 1674 1342 1712 iuvenco

77 1738 144 1770 335
168 1730 325 1782 Spicula
357 1730 593 1769 crabronum
624 1742 760 1781 pressa
792 1731 944 1769 cervice
976 1732 1152 1783 gerenti,

168 1789 252 1835 Qua
283 1791 342 1828 via
374 1789 479 1828 nulla
498 1821 509 1841 ,
541 1790 648 1828 ruit.
688 1791 762 1828 iam
794 1794 878 1828 tum
909 1788 1005 1827 mihi
1037 1801 1199 1828 currere
1230 1791 1337 1829 visus

167 1848 260 1886 Plus
293 1847 449 1887 homine
481 1854 570 1900 est,
602 1847 758 1898 alasque
790 1847 909 1898 pedes
942 1849 1157 1898 sumpsisse
1190 1854 1370 1899 putares,

167 1905 313 1957 Effugit
346 1919 438 1957 ergo
471 1918 606 1945 omnes
624 1938 636 1959 ,
668 1905 858 1956 veloxque
890 1905 1073 1957 cupidine
1105 1906 1174 1945 leti

168 1964 322 2003 Vertice
354 1965 516 2003 Parnasi
547 1965 729 2016 potitur]
766 1966 974 2003 miseratus
1007 1964 1166 2016 Apollo,

79 2031 147 2063 340
169 2023 266 2062 Cum
297 2035 339 2062 se
372 2023 580 2062 Daedalion
613 2035 704 2062 saxo
737 2024 909 2061 misisset
940 2022 986 2060 ab
1019 2023 1119 2075 alto,

168 2082 276 2120 Fecit
307 2094 415 2120 avem
442 2088 481 2121 et
505 2081 646 2121 subitis
677 2081 913 2133 pendentem
946 2082 1105 2119 sustulit
1135 2081 1229 2134 alis,
1249 2090 1282 2117 t.
1302 2091 1371 2117 olxv

170 2139 325 2191 Oraque
351 2140 501 2179 adunca
526 2140 658 2192 dedit,
691 2152 832 2179 curvos
864 2139 971 2178 dedit
1002 2139 1199 2190 unguibus
1231 2140 1388 2191 hamos,

168 2198 361 2237 Virtutem
393 2201 622 2251 antiquam,
654 2200 820 2237 maiores
853 2210 1018 2249 corpore
1050 2200 1177 2237 vires.

167 2256 217 2295 Et
247 2269 353 2296 nunc
385 2259 601 2309 accipiter,
633 2257 730 2295 nulli
762 2258 855 2295 satis
887 2268 1035 2307 aequus
1055 2288 1066 2308 ‚
1098 2259 1138 2295 in
1170 2269 1305 2296 omnes

79 2323 147 2354 345
171 2315 300 2354 Saevit
331 2328 419 2355 aves
437 2347 449 2369 ,
481 2316 644 2366 aliisque
676 2315 811 2354 dolens
842 2315 886 2354 fit
917 2327 1032 2354 causa
1065 2314 1221 2354 dolendi
1235 2312 1260 2355 .'

119 2387 233 2415 orm.
252 2388 302 2414 Π.
1065 2385 1107 2416 15
