1554 2563
586 113 619 148 H
637 140 645 157 ,
673 116 859 148 653-726
871 139 879 147 .
1049 124 1182 147 BATTns
1347 112 1401 151 41

92 233 161 264 690
178 222 456 275 Nobiliumque
487 234 626 275 greges
659 227 793 262 custos
825 221 1005 261 servabat
1036 232 1247 274 equarum.

179 281 295 322 Hunc
324 283 485 335 timuit,
516 280 734 332 blandaque
766 292 884 320 manu
917 281 1101 333 seduxit,
1134 286 1173 320 et
1202 279 1258 319 illi

182 338 385 392 ‘Quisquis
417 352 459 380 es
478 371 490 393 ,
519 340 663 392 hospes
675 336 703 393 ‚⁹
735 340 788 379 ait
820 336 868 379 ‘si
894 340 995 379 forte
1023 344 1198 379 armenta
1229 338 1406 390 requiret

182 399 286 439 Haec
318 399 458 451 aliquis
477 430 488 452 ,
518 398 661 438 vidisse
693 409 822 450 nega:
852 409 930 437 neu
962 399 1086 449 gratia
1118 398 1219 437 facto

181 457 294 498 Nulla
325 457 595 510 rependatur,
626 456 789 496 nitidam
822 468 917 508 cape
948 457 1121 507 praemia
1152 468 1307 495 vaccam
1321 452 1347 508 ,’

93 525 163 558 695
180 516 232 556 Et
262 516 397 556 dedit.
435 522 595 568 accepta
625 527 741 555 voces
772 515 842 554 has
874 515 1075 567 reddidit,
1107 512 1290 567 ‘hospes,

181 575 308 615 Tutus
339 587 433 615 eas.
470 575 569 626 lapis
600 575 674 614 iste
706 575 817 626 prius
848 580 914 613 tua
947 575 1050 613 furta
1081 570 1281 625 loquetur'

182 633 233 674 Et
261 633 428 686 lapidem
461 633 660 673 ostendit.
698 632 855 672 simulat
886 632 974 671 Iove
1006 638 1121 671 natus
1153 631 1285 683 abire,

183 692 271 732 Mox
303 692 406 732 redit
438 698 477 732 et
502 703 614 731 versa
644 693 792 744 pariter
825 703 914 731 cum
939 703 1034 731 voce
1066 691 1191 742 figura

184 749 360 791 ‘Rustice
379 783 391 803 ,
421 750 553 790 vidisti
584 752 715 802 siquas
746 750 822 790 hoc
852 746 992 789 limite’
1024 749 1121 788 dixit

96 818 164 851 '¹100
190 807 267 849 ‘lre
298 809 417 850 boves
436 841 448 863 ,
479 810 539 849 fer
564 822 680 861 opem
698 841 709 861 ‚
741 809 926 860 furtoque
959 808 1112 847 silentia
1142 807 1279 847 deme:

183 869 321 909 Iuncta
352 881 424 908 suo
455 870 603 920 pariter
633 867 790 907 dabitur
821 867 892 907 tibi
923 867 1066 906 femina
1097 872 1210 906 tauro
1225 862 1250 905 .'

183 929 233 968 At
264 929 396 967 senior
414 959 425 980 7
456 933 664 979 postquam
696 932 756 966 est
786 937 939 965 merces
971 927 1164 977 geminata
1182 956 1193 976 ,
1226 922 1314 964 ‘sub
1334 923 1410 964 illis

183 983 397 1026 Montibus'
430 987 560 1037 inquit
579 982 711 1025 ‘erunt
730 982 755 1037 ;'
788 991 828 1024 et
859 990 972 1024 erant
991 983 1064 1024 sub
1085 982 1286 1023 montibus
1311 981 1410 1022 illis.

184 1045 287 1085 Risit
317 1044 557 1084 Atlantiades
589 1050 629 1083 et
661 1041 737 1083 ‘me
769 1043 894 1096 mihi,
925 1042 1074 1095 perfide
1092 1073 1105 1095 ,
1135 1039 1305 1094 prodis?

98 1110 164 1144 705
185 1104 246 1143 Me
278 1104 373 1143 mihi
403 1103 536 1156 prodis
556 1100 592 1141 P’
625 1103 678 1142 ait
708 1104 945 1154 periuraque
976 1107 1138 1153 pectora
1163 1101 1282 1139 vertit

184 1162 228 1202 In
260 1162 403 1202 durum
434 1162 612 1214 silicem,
644 1163 712 1212 qui
744 1173 849 1200 nunc
881 1172 1039 1212 quoque
1071 1159 1215 1199 dicitur
1246 1158 1387 1198 index:

185 1220 309 1272 Inque
342 1220 437 1260 nihil
468 1221 608 1260 merito
640 1226 752 1259 vetus
785 1225 846 1259 est
875 1220 1034 1258 infamia
1065 1230 1181 1257 saxo.

244 1279 345 1319 Hinc
376 1291 418 1319 se
450 1279 663 1319 sustulerat
694 1277 854 1330 paribus
887 1277 1092 1317 Caducifer
1124 1276 1218 1316 alis:

186 1338 496 1390 Munychiosque
528 1337 661 1376 volans
693 1349 807 1388 agros
839 1343 1066 1388 gratamque
1098 1335 1294 1375 Minervae

99 1405 167 1437 '0¹10
186 1396 445 1450 Despectabat
474 1396 637 1436 humum
670 1396 844 1447 cultique
876 1394 1035 1434 arbusta
1066 1393 1206 1446 Lycei.

187 1455 254 1495 Illa
285 1457 386 1495 forte
417 1455 479 1495 die
512 1461 640 1494 castae
673 1455 720 1494 de
752 1466 862 1493 more
893 1453 1044 1505 puellae

187 1513 343 1554 Vertice
374 1513 577 1565 subposito
610 1514 730 1553 festas
761 1514 801 1552 in
832 1512 999 1551 Palladis
1031 1523 1142 1551 arces

187 1573 292 1613 Pura
324 1573 521 1612 coronatis
551 1570 762 1623 portabant
792 1582 903 1610 sacra
935 1571 1141 1609 canistris.

188 1631 283 1671 Inde
316 1636 561 1670 revertentes
593 1629 691 1669 deus
723 1631 864 1681 aspicit
894 1628 973 1668 ales
992 1660 1003 1681 ,
1034 1630 1190 1679 iterque

101 1697 169 1731 ⁷15
188 1690 275 1730 Non
307 1691 386 1742 agit
409 1691 450 1729 in
482 1694 635 1728 rectum
654 1720 665 1741 ,
696 1688 765 1727 sed
795 1689 837 1727 in
874 1687 1011 1727 orbem
1048 1692 1184 1726 curvat
1221 1684 1412 1726 eundem,

189 1748 241 1788 Ut
271 1748 441 1788 volucris
472 1749 565 1787 visis
597 1747 842 1799 rapidissima
874 1746 1017 1786 miluus
1050 1747 1173 1798 extis,

188 1807 290 1848 Dum
321 1808 433 1846 timet
464 1813 504 1846 et
534 1806 646 1845 densi
677 1807 936 1845 circumstant
966 1816 1075 1844 sacra
1107 1804 1302 1857 ministri,

189 1865 380 1906 Flectitur
411 1867 451 1904 in
483 1877 622 1917 gyrum
646 1896 657 1917 ‚
688 1876 762 1904 nec
793 1864 947 1915 longius
979 1863 1096 1902 audet
1127 1862 1259 1914 abire,

191 1924 388 1977 Spemque
420 1935 530 1963 suam
561 1925 677 1963 motis
709 1923 844 1962 avidus
876 1921 1129 1961 circumvolat
1160 1920 1250 1959 alis:

103 1991 171 2024 720
193 1983 258 2023 Sic
289 1995 409 2035 super
439 1983 601 2022 Actaeas
633 1981 743 2033 agilis
776 1980 972 2032 Cyllenius
1004 1991 1115 2019 arces

191 2041 358 2082 Inclinat
389 2053 531 2081 cursus
562 2047 602 2080 et
633 2040 791 2080 easdem
822 2040 988 2079 circinat
1019 2049 1156 2078 auras.

191 2100 347 2147 Quanto
379 2099 619 2152 splendidior
651 2111 767 2150 quam
794 2103 925 2138 cetera
957 2096 1085 2137 sidera
1117 2095 1240 2147 fulget

191 2158 380 2212 Lucifer,
411 2164 452 2198 et
482 2164 628 2209 quanto
659 2164 698 2197 te
717 2189 728 2210 ,
760 2156 919 2196 Lucifer
937 2187 949 2209 ‚
981 2167 1097 2195 aurea
1128 2153 1310 2194 Phoebe:

192 2217 316 2256 Tanto
347 2216 564 2268 virginibus
595 2216 858 2268 praestantior
889 2213 1071 2254 omnibus
1102 2212 1228 2253 Herse

106 2283 171 2315 ‘125
191 2275 276 2315 Ibat
307 2281 469 2327 eratque
501 2275 622 2315 decus
652 2285 818 2327 pompae
851 2275 1117 2324 comitumque
1149 2283 1333 2312 suarum.

193 2333 393 2386 Obstipuit
423 2334 549 2374 forma
579 2333 669 2373 Iove
701 2339 816 2372 natus
834 2363 846 2386 ‚
878 2338 918 2372 et
948 2331 1107 2372 aethere
1138 2330 1316 2383 pendens
