1554 2563
588 84 591 86 ’
615 106 656 151 Ι,
684 109 893 142 549—622.
1112 118 1149 141 ιο
1370 104 1421 146 17

201 216 260 256 An
292 217 343 256 sit
374 216 476 268 apud
507 228 642 256 manes
661 246 670 256 .
708 215 777 255 sed
810 227 926 268 quam
957 227 1036 255 non
1067 215 1216 255 invenit
1236 227 1424 268 usquam,

201 275 298 314 Esse
330 281 442 328 putat
472 287 666 327 nusquam
698 280 815 326 atque
846 276 975 313 animo
1005 276 1140 326 peiora
1170 281 1351 313 veretur.

201 333 360 373 Viderat
389 345 412 373 a
441 336 568 387 patrio
599 333 832 373 redeuntem
863 333 1040 385 luppiter
1069 332 1174 372 illam

202 392 382 432 Flumine
413 398 454 432 et
485 390 523 432 ‘o
554 394 663 443 virgo
694 392 783 431 love
815 391 931 444 digna
963 397 1110 443 tuoque
1141 391 1299 431 beatum

115 458 186 491 590
206 451 347 490 Nescio
380 462 497 503 quem
529 452 680 490 factura
711 456 798 490 toro
817 481 829 503 ,
859 447 966 502 pete’
997 450 1150 489 dixerat
1181 448 1354 490 ‘umbras

201 510 380 549 Altorum
399 522 606 549 nemorum
623 507 650 562 ,'
677 515 717 549 et
735 521 941 548 nemorum
962 515 1248 548 monstraverat
1266 508 1425 549 umbras

203 566 319 608 ‘Dum
352 568 453 608 calet
483 574 523 608 et
553 568 682 607 medio
714 567 772 606 sol
803 573 865 607 est
895 568 1107 607 altissimus
1139 567 1260 607 orbe.

204 627 352 673 Quodsi
384 627 465 666 sola
496 628 612 666 times
642 626 812 666 latebras
842 628 990 666 intrare
1022 627 1221 679 serarum,

201 685 387 725 Praeside
420 692 502 725 tuta
535 686 607 725 deo
639 697 846 725 nemorum
878 690 1031 724 secreta
1062 684 1237 737 subibis,

114 751 183 784 595
203 744 284 784 Nec
316 744 362 783 de
394 744 508 796 plebe
540 744 613 783 deo
633 776 645 797 ,
676 744 745 784 sed
778 746 845 795 qui
876 744 1058 783 caelestia
1089 756 1227 795 magna

203 803 368 855 Sceptra
398 815 515 842 manu
549 809 663 842 teneo
681 834 693 856 ,
725 803 793 842 sed
825 804 893 854 qui
923 815 1016 854 vaga
1047 802 1208 842 fulmina
1240 803 1376 842 mitto.

203 861 260 901 Ne
293 862 384 913 suge
416 874 478 901 me
498 858 524 901 !'
556 861 731 913 fugiebat
762 863 866 901 enim
888 892 897 901 .
934 863 1010 900 iam
1041 873 1185 913 pascua
1217 860 1368 900 Lernae

206 920 442 972 Consitaque
476 919 683 960 arboribus
714 919 861 972 Lyrcea
892 920 1107 971 reliquerat
1138 931 1251 971 arva,

206 979 305 1019 Cum
336 979 434 1019 deus
465 979 625 1019 inducta
650 979 746 1018 latas
779 979 943 1031 caligine
975 985 1102 1018 terras

115 1046 184 1078 600
205 1038 388 1078 Occuluit
419 1039 624 1090 tenuitque
656 1039 787 1089 sugam
817 1039 1026 1089 rapuitque
1058 1037 1273 1089 pudorem.

202 1097 358 1136 Interea
389 1096 539 1136 medios
570 1096 667 1135 luno
699 1097 878 1148 despexit
907 1098 948 1135 in
974 1097 1098 1147 Argos
1116 1128 1128 1148 ,

204 1155 255 1195 Et
286 1157 413 1195 noctis
446 1156 585 1195 faciem
617 1154 780 1194 nebulas
813 1156 956 1194 secisse
988 1154 1168 1194 volucres

205 1213 287 1254 Sub
321 1214 444 1253 nitido
477 1216 614 1253 mirata
647 1214 708 1253 die
727 1246 738 1267 ,
770 1225 849 1253 non
880 1213 1052 1253 fluminis
1083 1213 1168 1252 illas

202 1272 301 1312 Esse
321 1304 332 1324 ,
363 1285 436 1312 nec
468 1274 620 1312 umenti
650 1274 775 1312 sensit
805 1272 946 1312 tellure
978 1273 1157 1324 remitti,

116 1338 183 1371 605
204 1332 330 1382 Atque
369 1343 465 1371 suus
498 1333 668 1371 coniunx
705 1331 774 1371 ubi
812 1333 892 1384 sit,
924 1332 1222 1383 circumspicit,
1253 1336 1297 1370 ut
1329 1342 1428 1381 quae

203 1390 398 1442 Deprensi
429 1391 574 1430 totiens
606 1392 682 1429 iam
714 1396 848 1429 nosset
879 1390 984 1429 furta
1014 1391 1168 1428 mariti.

205 1449 331 1495 Quem
362 1455 569 1501 postquam
602 1448 707 1487 caelo
739 1460 819 1487 non
850 1450 1055 1501 repperit,
1087 1445 1169 1487 ‘aut
1200 1459 1272 1499 ego
1294 1447 1428 1500 fallor,

203 1509 282 1547 Aut
312 1520 384 1559 ego
416 1504 564 1546 laedor’
597 1509 678 1560 ait,
710 1507 945 1558 delapsaque
977 1506 1024 1545 ab
1056 1506 1213 1545 aethere
1246 1518 1399 1545 summo

205 1566 390 1605 Constitit
420 1568 461 1605 in
493 1567 610 1605 terris
630 1598 641 1617 ,
672 1565 913 1616 nebulasque
945 1564 1134 1604 recedere
1165 1565 1302 1603 iussit.

117 1632 184 1664 610
200 1624 390 1676 Coniugis
423 1624 632 1664 adventum
663 1629 967 1676 praesenserat,
997 1625 1117 1674 inque
1149 1624 1340 1662 nitentem

205 1683 411 1723 Inachidos
442 1683 573 1722 vultus
605 1688 823 1722 mutaverat
852 1682 917 1722 ille
947 1683 1174 1721 iuvencam.
1330 1690 1360 1718 r.
1378 1691 1429 1717 ιε.

204 1742 282 1781 Bos
314 1754 471 1793 quoque
504 1742 674 1780 formosa
707 1748 795 1781 est.
833 1742 1006 1792 speciem
1044 1740 1227 1780 Saturnia
1266 1752 1429 1792 vaccae,

207 1800 450 1852 Quamquam
470 1802 589 1840 invita
607 1832 618 1851 ,
649 1800 790 1852 probat
821 1811 895 1839 nec
914 1811 994 1839 non
1013 1805 1054 1838 et
1073 1801 1185 1839 cuius
1205 1830 1216 1850 ,
1242 1805 1281 1838 et
1302 1799 1404 1838 unde
1419 1831 1430 1853 ,

208 1859 342 1905 Quove
374 1861 426 1899 sit
457 1864 634 1898 armento
653 1890 665 1910 ,
696 1860 778 1897 veri
810 1859 922 1909 quasi
952 1859 1085 1898 nescia
1117 1859 1293 1909 quaerit.

118 1925 186 1958 615
206 1918 382 1970 Iuppiter
413 1930 434 1957 e
466 1923 571 1957 terra
603 1919 772 1969 genitam
804 1918 1023 1969 mentitur,
1053 1922 1098 1956 ut
1129 1922 1265 1956 auctor

206 1976 367 2016 Desinat
396 1978 572 2028 inquiri.
610 1978 710 2028 petit
741 1976 840 2014 hanc
874 1975 1056 2014 Saturnia
1086 1986 1254 2014 munus,

209 2035 311 2081 Quid
343 2035 458 2074 saciat
477 2033 498 2074 ⁶?
530 2034 688 2074 crudele
708 2066 719 2086 ,
752 2046 843 2074 suos
876 2033 1056 2073 addicere
1089 2044 1271 2085 amores;

207 2093 296 2133 Non
325 2093 418 2133 dare
439 2125 449 2145 ,
481 2099 710 2145 suspectum
729 2124 738 2133 .
776 2093 904 2145 pudor
936 2098 996 2131 est
1028 2093 1095 2143 qui
1115 2090 1276 2131 suadeat
1300 2091 1429 2146 illinc,

206 2152 308 2191 Hinc
339 2151 539 2191 dissuadet
570 2164 678 2191 amor
698 2182 707 2192 .
745 2153 871 2191 victus
902 2150 1030 2203 pudor
1062 2155 1167 2190 esset
1198 2162 1354 2190 amore:

121 2219 189 2251 6520
210 2210 287 2250 Sed
312 2210 396 2250 leve
428 2213 461 2250 si
492 2223 635 2250 munus
667 2211 795 2249 sociae
827 2211 1062 2261 generisque
1094 2209 1250 2260 torique

210 2269 330 2308 Vacca
362 2274 573 2320 negaretur
591 2300 602 2321 ,
633 2274 787 2321 poterat
818 2280 896 2307 non
927 2279 1043 2307 vacca
1073 2267 1218 2309 videri.

206 2327 360 2367 Paelice
391 2328 532 2367 donata
563 2339 642 2367 non
672 2328 855 2376 protinus
887 2328 996 2366 exuit
1026 2337 1183 2366 omnem

162 2393 278 2420 ovm.
297 2394 349 2420 11.
1129 2399 1150 2414 n

1131 2416 1148 2425 a
