1554 2563
158 109 237 151 158
388 121 545 144 cALvnon
696 107 911 143 METAMM
922 133 930 141 .

272 220 412 270 Tangit
443 224 482 258 et
512 220 570 258 ira
601 218 725 258 deos.
763 215 818 258 ‘at
848 230 925 258 non
958 220 1106 270 inpune
1137 219 1332 272 feremus,

185 287 252 317 280
273 279 460 329 Quaeque
492 278 774 330 inhonoratae‚
810 289 889 316 non
921 283 961 317 et
992 277 1168 317 dicemur
1199 273 1362 317 inultae'

272 337 405 388 lnquit
422 369 433 389 ,
465 343 504 376 et
535 336 691 376 Oeneos
722 336 892 376 ultorem
924 342 1055 388 spreta
1086 348 1158 387 per
1190 348 1303 387 agros

274 396 379 435 Misit
409 408 548 447 aprum
565 428 577 448 ,
609 400 755 447 quanto
787 396 955 434 maiores
987 393 1150 434 herbida
1181 400 1316 434 tauros

272 454 358 494 Non
385 454 502 494 hahet
531 454 673 506 Epiros
706 460 745 493 et
775 453 922 493 habent
954 453 1084 493 Sicula
1115 465 1203 492 arva
1237 455 1432 493 minores.

274 513 472 565 Sanguine
505 519 544 552 et
574 516 664 565 igne
696 515 841 552 micant
871 512 998 566 oculi,
1029 514 1132 564 riget
1162 512 1283 552 ardua
1315 514 1470 563 cerviX,

185 580 252 611 285
272 572 322 612 Et
353 578 482 612 saetae
515 572 662 612 similes
693 572 830 623 rigidis
862 570 1068 611 hastilibus
1100 571 1288 612 horrent:

186 639 253 671 287
273 631 438 671 Fervida
469 643 559 670 cum
590 643 710 670 rauco
735 631 834 670 latos
866 630 1035 669 stridore
1066 642 1138 682 per
1164 642 1293 669 armos

275 691 421 742 Spuma
451 690 567 729 fluit.
605 690 744 729 dentes
776 695 995 741 aequantur
1027 688 1211 728 dentibus
1244 689 1374 729 Indis:

274 749 437 789 Fulmen
469 749 516 788 ab
548 761 617 788 ore
648 750 784 801 venit,
815 747 976 787 frondes
1008 747 1204 787 afflatibus
1237 747 1397 787 ardent.

187 817 255 848 290
274 809 310 848 Is
343 808 458 847 modo
491 814 716 847 crescentes
742 812 895 858 segetes
926 806 1129 858 proculcat
1158 808 1199 846 in
1230 806 1375 858 herba,

274 867 388 907 Nunc
419 872 571 906 matura
603 868 715 905 metit
745 866 876 905 fleturi
907 870 996 904 vota
1027 865 1178 919 coloni,

275 926 325 965 Et
356 926 542 965 Cererem
572 927 613 964 in
645 926 764 977 spicis
795 926 997 976 intercipit
1022 955 1030 964 .
1069 936 1159 963 area
1190 924 1336 963 frustra

276 985 326 1024 Et
357 986 504 1024 frustra
536 990 744 1036 expectant
774 985 988 1035 promissas
1019 983 1160 1022 horrea
1192 995 1364 1022 messeS.

277 1044 518 1083 Sternuntur
550 1042 697 1095 gravidi
728 1042 844 1094 longo
877 1054 966 1082 cum
997 1041 1155 1094 palmite
1187 1042 1291 1081 fetus

189 1110 256 1142 295
276 1102 454 1154 Bacaqne
487 1115 577 1141 cum
608 1103 726 1141 ramis
759 1113 915 1153 semper
946 1100 1166 1140 frondentis
1198 1100 1343 1139 olivae.

278 1162 408 1201 Saevit
439 1168 478 1200 et
508 1162 548 1200 in
579 1160 751 1212 pecudes
771 1191 780 1199 .
819 1172 897 1199 non
929 1159 999 1198 has
1030 1164 1210 1211 pastorve
1243 1171 1431 1211 canesve,

277 1220 362 1259 Non
396 1225 570 1259 armenta
603 1226 737 1258 truces
768 1224 935 1270 possunt
966 1217 1177 1257 defendere
1210 1219 1335 1257 tauri.

278 1279 495 1330 Diffugiunt
524 1277 689 1330 populi,
720 1289 793 1317 nec
825 1289 867 1316 se
899 1278 974 1315 nisi
1006 1276 1212 1316 moenibus
1244 1276 1355 1316 urbis

278 1337 374 1377 Esse
402 1342 541 1389 putant
572 1343 707 1376 tutos:
739 1335 864 1375 donec
895 1335 1111 1386 Meleagros
1144 1342 1183 1373 et
1216 1347 1292 1374 una

190 1405 258 1436 300
277 1396 396 1436 Lecta
427 1407 566 1435 manus
597 1397 783 1434 iuvenum
816 1396 946 1433 coiere
979 1393 1162 1445 cupidine
1194 1393 1344 1434 laudis:

278 1454 521 1505 Tyndaridae
554 1455 729 1506 gemini,
761 1458 961 1505 spectatus
993 1451 1189 1492 caestibus
1222 1452 1343 1505 alter,

278 1515 386 1553 Alter
418 1526 519 1565 equo
539 1544 549 1564 ,
580 1514 807 1564 prima-eque
839 1513 934 1551 ratis
967 1511 1123 1550 molitor
1156 1511 1293 1564 Iason,

280 1572 329 1612 Et
361 1585 450 1611 cum
482 1572 657 1611 Pirithoo
676 1603 688 1624 ,
719 1571 811 1610 felix
843 1570 1082 1622 concordia,
1114 1569 1315 1622 Theseus,

279 1631 329 1670 Et
360 1631 438 1670 duo
470 1630 702 1669 Thestiadae
721 1661 731 1681 ,
762 1628 893 1681 proles
925 1628 1146 1680 Aphareia,
1177 1628 1356 1679 Lynceus

193 1698 260 1730 305
280 1690 330 1729 Et
361 1690 473 1728 velox
504 1689 620 1742 Idas,
652 1694 692 1727 et
722 1690 798 1727 iam
830 1699 908 1726 non
940 1688 1084 1726 semina
1117 1686 1317 1740 Caeneus,

280 1749 583 1799 Leucippusque
615 1748 726 1786 ferox
757 1746 963 1797 iaculoque
994 1747 1159 1797 insignis
1191 1746 1379 1798 Acastus,

280 1807 605 1859 Hippothousque
626 1805 826 1857 Dryasque
858 1810 898 1844 et
925 1810 1058 1844 cretus
1077 1805 1288 1856 Amyntore
1308 1804 1481 1843 Phoenix
1495 1835 1506 1857 ,

281 1865 566 1916 Actoridaeque
597 1876 712 1916 pares
731 1896 742 1917 ,
775 1869 814 1902 et
844 1864 989 1902 missus
1021 1862 1068 1902 ab
1099 1862 1210 1901 Elide
1241 1862 1434 1914 Phyleus.

282 1924 362 1963 Nec
394 1924 580 1963 Telamon
613 1923 747 1961 aberat
778 1923 987 1973 magnique
1019 1927 1174 1960 creator
1205 1921 1389 1973 Achillis,

194 1992 261 2023 310
283 1983 458 2034 Cumque
491 1981 723 2021 Pheretiade
755 1986 796 2020 et
826 1979 1001 2032 Hyanteo
1032 1979 1134 2018 Iolao

282 2042 451 2093 Impiger
483 2040 675 2092 Eurytion
707 2045 747 2078 et
778 2051 898 2078 cursu
929 2039 1098 2077 invictus
1128 2037 1303 2090 Echion,

282 2100 550 2151 Naryciusque
589 2098 706 2137 Lelex
738 2097 1021 2149 Panopeusque
1054 2095 1279 2148 Hyleusque
1317 2097 1506 2148 feroxque

283 2158 508 2210 Hippasus,
540 2163 580 2196 et
610 2157 746 2208 primis
793 2157 1005 2195 etiamnum
1037 2154 1180 2194 Nestor
1211 2157 1251 2194 in
1284 2156 1419 2208 annis,

282 2217 333 2256 Et
364 2229 462 2267 quos
494 2215 724 2267 Hippocoon
757 2215 927 2265 antiquis
959 2214 1065 2252 misit
1096 2213 1289 2265 Amyclis,

197 2282 263 2313 315
283 2275 580 2326 Penelopesque
613 2285 726 2312 socer
757 2284 848 2312 cum
879 2271 1086 2310 Parrhasio
1119 2272 1295 2324 Ancaeo,

280 2333 594 2384 Ampycidesque
627 2343 741 2382 sagax
773 2337 814 2370 et
844 2330 970 2369 adhuc
1002 2341 1022 2368 a
1055 2331 1219 2380 coniuge
1253 2336 1360 2369 tutus
