1554 2563
557 111 608 147 IV
624 139 634 157 ,
660 115 845 147 429—503
861 139 868 146 .
1022 125 1182 147 arnume
1329 111 1382 154 79

163 219 393 273 ‘Perpetuas
424 223 571 274 patitur
602 234 747 274 poenas
765 254 776 274 ,
808 222 1038 262 Athamanta
1069 222 1282 274 superbum

161 279 281 331 Regia
313 281 420 319 dives
453 280 598 334 habet,
630 282 696 332 qui
729 292 789 319 me
823 293 911 319 cum
944 283 1109 332 coniuge
1141 293 1295 333 semper

162 338 318 390 Sprevit
336 336 373 378 ’Υ
405 346 444 378 et
476 341 635 391 exponit
665 351 801 378 causas
834 340 990 390 odiique
1022 342 1208 393 viaeque,

74 405 141 438 4¹20
161 397 343 449 Quidque
374 398 496 437 velit.
534 397 637 449 quod
670 398 814 450 vellet,
846 404 958 450 erat,
990 412 1037 437 ue
1071 401 1176 450 regia
1209 398 1342 438 Cadmi

162 456 322 509 Staret,
353 462 393 496 et
423 458 462 495 in
495 457 647 496 facinus
679 456 882 496 traherent
912 457 1140 496 Athamanta
1174 470 1350 496 sorores.

163 516 374 566 Imperium
393 547 405 567 ,
436 518 627 567 promissa
646 547 657 568 ,
688 528 827 567 preces
860 516 1066 554 confundit
1096 518 1136 555 in
1168 529 1314 567 unum,

163 574 430 625 Sollicitatque
463 575 555 613 deas
576 605 584 613 .
623 576 678 613 sic
711 574 806 613 haec
838 574 986 613 Iunone
1018 575 1171 627 locuta,

161 633 375 684 Tisiphone
408 645 556 685 canos,
587 639 631 672 ut
663 639 776 686 erat,
807 633 961 672 turbata
994 634 1154 684 capillos

74 699 141 731 4⁷5
162 692 282 731 Movit
313 699 352 730 et
383 691 583 731 obstantes
615 693 752 731 reiecit
783 691 830 730 ab
863 704 931 731 ore
963 692 1167 745 colubras,

160 752 286 801 Atque
318 752 370 789 ita
402 748 496 789 ‘non
522 750 648 801 longis
680 763 778 802 opus
811 757 871 789 est
902 750 1127 801 ambagibus
1146 748 1173 803 ,'
1204 752 1333 802 inquit

162 807 292 848 ‘Facta
324 816 416 861 puta
435 842 446 860 ,
479 822 748 860 quaecumque
781 809 922 849 iubes:
954 810 1157 848 inamabile
1190 822 1355 862 regnum

162 868 306 908 Desere
327 900 337 920 ,
369 875 486 919 teque
519 869 624 907 rerer
657 868 752 906 caeli
786 868 958 907 melioris
992 868 1037 906 ad
1069 866 1219 908 auras?

161 926 277 966 Laeta
310 927 412 966 redit
443 927 539 965 luno
560 958 568 966 .
608 939 722 978 quam
756 927 905 966 caelum
938 929 1085 966 intrare
1118 934 1319 978 parantem

74 993 142 1027 480
161 986 316 1026 Boratis
350 986 529 1025 lustravit
560 988 670 1037 aquis
702 985 978 1024 Thaumantias
1011 985 1105 1024 Iris.

161 1046 242 1085 Nec
274 1057 382 1083 mora
401 1078 412 1097 ‚
444 1044 656 1096 Tisiphone
690 1044 944 1083 madefactam
976 1047 1164 1095 sanguine
1197 1047 1316 1085 sumit

161 1105 375 1155 lnportuna
409 1104 561 1156 facem,
593 1102 792 1153 fluidoque
825 1115 965 1142 cruore
993 1103 1202 1142 rubentem

163 1163 344 1202 Induitur
376 1162 514 1214 pallam
533 1193 544 1215 ,
576 1168 760 1213 tortoque
791 1163 1006 1208 incingitur
1037 1174 1162 1213 angue
1181 1195 1192 1216 ,

163 1221 451 1273 Egrediturque
484 1221 598 1259 domo
618 1252 627 1261 .
665 1220 812 1259 Luctus
846 1222 1054 1259 comitatur
1085 1227 1242 1260 euntem

74 1287 141 1320 485
163 1280 212 1319 Et
243 1280 367 1319 Pavor
400 1286 439 1319 et
470 1280 617 1318 Terror
649 1279 881 1331 trepidoque
915 1279 1066 1318 Insania
1093 1280 1225 1319 vultu.

162 1339 313 1378 Limine
339 1341 570 1378 constiterat
590 1369 598 1378 .
636 1345 769 1390 postes
801 1340 1011 1377 tremuisse
1038 1339 1221 1378 feruntur

162 1398 313 1451 Aeolii,
339 1398 540 1449 pallorque
572 1397 677 1436 fores
709 1397 844 1436 infecit
874 1399 1075 1449 Avernus,

164 1457 308 1508 Solque
340 1456 470 1495 locum
501 1457 601 1507 fugit
621 1487 630 1495 .
666 1458 853 1494 monstris
887 1457 1073 1495 exterrita
1104 1458 1298 1510 coniunx,

164 1515 345 1554 Territus
377 1521 437 1554 est
467 1515 650 1553 Athamas
670 1544 678 1553 .
715 1520 899 1565 tectoque
932 1516 1038 1553 exire
1071 1514 1280 1565 parabant:

75 1582 144 1615 490
165 1574 326 1613 Obstitit
357 1573 491 1613 infelix
523 1574 748 1623 aditumque
781 1572 934 1612 obsedit
964 1572 1129 1625 Erinys,

163 1633 348 1684 Nexaque
380 1633 548 1684 vipereis
580 1631 808 1670 distendens
840 1630 1022 1670 bracchia
1053 1631 1166 1670 nodis

165 1692 383 1731 Caesariem
416 1692 617 1730 excussit.
655 1697 781 1729 motae
814 1702 982 1729 sonuere
1015 1690 1222 1731 colubrae:

164 1751 336 1802 Parsque
368 1752 496 1789 iacent
527 1750 675 1789 umeris
694 1780 705 1801 ‚
735 1761 825 1800 pars
857 1750 1006 1788 circum
1036 1756 1197 1800 pectora
1228 1749 1357 1802 lapsae

166 1810 284 1849 Sibila
316 1809 409 1848 dant
440 1809 666 1859 saniemque
698 1815 859 1847 vomunt
889 1807 1098 1859 linguaque
1131 1816 1360 1849 coruscant.

54 1868 259 1908 ¹4951nde
292 1868 391 1907 duos
422 1868 560 1906 mediis
592 1866 789 1918 abrumpit
821 1866 996 1905 crinibus
1028 1879 1200 1919 angues,

164 1927 433 1978 Pestiferaque
465 1938 581 1965 manu
614 1932 747 1977 raptos
777 1926 954 1964 inmisit.
993 1931 1032 1963 at
1062 1925 1117 1964 illi

166 1986 358 2037 Inoosque
391 1987 500 2024 sinus
532 1984 888 2035 Athamanteosque
920 1989 1150 2035 pererrant,

165 2044 439 2096 Inspirantque
471 2056 609 2095 graves
641 2045 788 2082 animas
809 2074 818 2082 .
856 2054 930 2081 nec
962 2042 1121 2081 vulnera
1153 2041 1340 2080 membris

167 2103 249 2142 Ulla
281 2104 442 2155 ferunt3
475 2114 585 2141 mens
618 2109 707 2155 est,
739 2113 837 2152 quae
870 2100 977 2139 diros
1010 2102 1152 2140 sentiat
1176 2102 1300 2139 ictUS.

79 2170 147 2202 500
167 2161 360 2201 Attulerat
390 2173 525 2200 secum
556 2160 693 2211 liquidi
725 2172 881 2211 quoque
908 2166 1082 2198 monstra
1115 2160 1276 2209 veneni,

169 2221 260 2260 Oris
292 2219 479 2259 Cerberei
509 2231 667 2271 spumas
700 2225 739 2257 et
770 2220 876 2257 virus
909 2217 1130 2271 Echidnae,

167 2278 412 2329 Erroresque
443 2290 560 2328 vagos
592 2289 809 2327 caecaeque
841 2276 980 2315 oblivia
1010 2278 1177 2329 mentis,

168 2337 218 2377 Et
248 2337 377 2376 scelus
408 2343 448 2377 et
477 2337 656 2376 lacrimas
693 2335 920 2387 rabiemque
959 2342 999 2374 et
1030 2335 1159 2374 caedis
1193 2347 1388 2384 amorem,
