1554 2563
616 120 667 154 111
682 145 694 162 ‚
722 123 904 154 140—213
1066 130 1223 153 seru-:ou
1377 119 1427 159 51

215 229 291 276 Qui
324 229 439 269 simul
471 230 630 268 intravit
660 230 832 268 rorantia
865 229 1039 267 sontibus
1072 234 1205 280 antra,

215 288 326 327 Sicut
357 294 500 340 erant,
529 289 612 327 viso
643 287 770 327 nudae
802 299 873 327 sua
903 293 1063 339 pectora
1095 285 1285 339 nymphae

214 346 453 386 Percussere
485 348 568 385 viro
587 378 599 398 ‚
630 345 848 397 subitisque
880 345 1093 385 ululatibus
1125 356 1240 384 omne

128 405 428 457 1801mplevere
460 417 600 444 nemus
619 437 630 457 ,
661 405 1002 455 circumfusaeque
1034 403 1194 443 Dianam

212 462 453 515 Corporibus
485 469 619 502 texere
651 464 762 502 suis.
800 469 929 502 tamen
963 462 1075 501 altior
1107 461 1182 501 illis

212 522 298 574 Ipsa
331 522 403 561 dea
435 529 524 574 est,
556 521 735 573 colloque
768 527 884 561 tenus
917 522 1186 573 supereminet
1217 532 1375 560 omnes.

214 581 290 627 Qui
323 580 430 620 color
460 581 617 620 infectis
649 580 802 619 adversi
833 579 927 619 solis
952 579 998 619 ab
1030 581 1110 619 ictu

212 639 391 678 Nubibus
424 651 510 678 esse
542 639 642 678 solet
673 644 740 679 aut
769 650 993 690 purpureae
1025 650 1213 691 aurorae,

128 705 192 737 185
213 698 249 737 Is
281 698 356 737 fuit
385 698 426 736 in
457 697 567 737 vultu
598 699 702 736 visae
734 698 818 736 sine
851 703 958 736 veste
990 696 1155 736 Dianae.

214 756 321 802 Quae
355 768 589 807 quamquam
621 757 808 795 comitum
841 756 956 795 turba
989 761 1048 794 est
1079 757 1220 808 stipata
1253 767 1437 807 suarum,

213 815 256 854 In
289 815 389 854 latus
423 814 625 866 obliquum
658 821 787 853 tamen
820 816 972 867 astitit,
1003 826 1149 865 oraque
1181 819 1288 854 retro

213 873 367 912 Flexit:
395 880 436 912 et
465 879 509 913 ut
534 873 650 912 vellet
680 879 881 924 promptas
913 872 1097 912 habuisse
1128 874 1310 924 sagittas,

214 932 319 978 Quas
351 931 487 971 habuit
518 933 574 970 sic
605 931 736 971 hausit
767 943 910 984 aquas,
942 931 1170 983 vultumque
1202 930 1354 970 virilem

127 999 193 1031 190
214 990 422 1030 Perfudit.
463 989 748 1042 [spargensque
781 1001 911 1029 comas
943 989 1152 1028 ultricibus
1182 988 1318 1039 undis]

215 1048 373 1088 Addidit
402 1049 499 1088 haec
532 1048 653 1088 cladis
683 1049 916 1100 praenuntia
950 1047 1067 1087 verba
1093 1048 1272 1087 suturae:

214 1105 342 1147 ‘Nunc
374 1106 445 1147 tihi
476 1119 538 1146 me
569 1108 698 1159 posito
729 1108 850 1146 visam
881 1106 1070 1145 velamine
1102 1118 1261 1157 narres,

215 1166 256 1205 Si
287 1167 436 1218 poteris
468 1177 628 1205 narrare
646 1197 659 1219 ,
690 1164 783 1204 licet
801 1161 826 1205 .'
864 1177 937 1204 nec
968 1165 1080 1217 plura
1112 1167 1254 1204 minata

214 1224 286 1264 Dat
316 1237 453 1276 sparso
485 1225 603 1276 capiti
634 1225 776 1263 vivacis
809 1235 957 1263 cornua
988 1226 1117 1277 cervi,
1271 1232 1302 1258 1.
1324 1231 1438 1257 xxvffl-

129 1291 193 1323 195
213 1283 287 1322 Dat
317 1284 486 1335 spatium
518 1282 617 1322 collo
635 1314 647 1335 ‚
678 1294 930 1334 summasque
962 1284 1182 1322 cacuminat
1212 1294 1351 1334 aureS,

215 1341 314 1381 Cum
345 1341 590 1393 pedibusque
622 1352 760 1380 manus
779 1372 790 1393 ‚
822 1352 912 1380 cum
943 1341 1068 1393 longis
1100 1340 1281 1380 bracchia
1314 1346 1438 1379 mutat

215 1399 406 1440 Cruribus
425 1432 437 1453 ‚
468 1406 508 1439 et
538 1399 639 1439 velat
669 1400 866 1439 maculoso
899 1399 1042 1439 vellere
1073 1412 1238 1452 corpus3

214 1458 378 1498 Additus
409 1464 449 1498 et
479 1470 599 1510 pavor
630 1465 718 1498 est.
756 1459 856 1509 sugit
886 1459 1129 1498 Autonoeius
1160 1458 1276 1497 heros

213 1516 264 1556 Et
295 1529 337 1556 se
368 1523 448 1556 tam
473 1516 643 1556 celerem
675 1528 794 1556 cursu
826 1518 992 1556 miratur
1022 1518 1061 1555 in
1094 1517 1203 1568 ipso.

130 1584 197 1616 200
216 1575 268 1614 Ut
298 1587 390 1615 vero
422 1575 553 1614 vultus
585 1581 624 1614 et
655 1587 802 1614 cornua
832 1575 928 1614 vidit
958 1576 998 1614 in
1030 1574 1158 1627 unda,

216 1632 291 1673 ‘Me
323 1635 513 1674 miserum
532 1630 555 1673 !’
586 1633 764 1672 dicturus
795 1639 909 1685 erat,
940 1645 1012 1673 vox.
1052 1633 1157 1672 nulla
1189 1639 1323 1673 secuta
1356 1640 1439 1673 est:

217 1692 441 1746 Ingemuit,
465 1703 545 1739 ‘vox
576 1691 640 1731 illa
672 1693 774 1743 suit3
805 1691 1067 1743 lacrimaeque
1097 1704 1169 1744 per
1200 1704 1269 1731 ora

216 1751 303 1790 Non
336 1763 406 1790 sua
436 1750 636 1790 fluxerunt
656 1781 665 1789 .
704 1762 815 1789 mens
847 1755 999 1790 tantum
1029 1751 1196 1802 pristina
1227 1753 1390 1790 mansit.

215 1809 317 1855 Quid
349 1810 465 1849 faciat
483 1807 505 1848 P
535 1814 738 1860 repetatne
770 1808 929 1848 domum
962 1815 1001 1848 et
1031 1808 1175 1860 regalia
1205 1807 1344 1849 tecta‘?

64 1861 66 1863 ¹
130 1876 195 1908 205
216 1869 274 1907 An
306 1868 422 1908 lateat
453 1867 559 1907 silvis
578 1865 600 1907 P
631 1867 758 1919 pudor
790 1867 864 1906 hoc
881 1899 894 1919 ,
925 1868 1043 1906 timor
1072 1867 1237 1919 impedit
1266 1866 1383 1907 illud.

214 1926 315 1966 Dum
346 1926 499 1966 dubitat
517 1958 528 1979 ,
558 1926 692 1965 videre
725 1937 871 1965 canes:
902 1926 1150 1977 primumque
1183 1925 1397 1977 Melampus

215 1984 525 2036 Ichnobatesque
557 1996 671 2036 sagax
697 1984 841 2023 latratu
873 1985 982 2035 signa
1013 1983 1181 2035 dedere,

214 2042 382 2083 Gnosius
414 2042 645 2082 Ichnobates
663 2075 674 2095 ,
707 2042 898 2094 Spartana
917 2047 1033 2094 gente
1065 2041 1302 2093 Melampus.

214 2101 308 2140 Inde
340 2107 462 2141 ruunt
493 2101 557 2140 alii
588 2100 721 2152 rapida
752 2101 924 2140 velocius
955 2112 1072 2153 aura,

129 2168 195 2200 210
214 2159 461 2212 Pamphagus
494 2166 534 2198 et
564 2159 810 2198 Dorceus-et
829 2158 1018 2199 Oribasus
1036 2191 1048 2211 ,
1078 2158 1248 2198 Arcades
1280 2170 1439 2211 omnes,

214 2217 584 2270 Nebrophonusque
617 2217 749 2257 valens
781 2224 820 2257 et
851 2223 942 2256 trux
962 2230 1052 2256 cum
1072 2216 1236 2269 Laelape
1256 2217 1437 2268 Theron²

214 2275 265 2315 Et
294 2276 462 2328 pedibus
493 2275 668 2315 Pterelas
687 2307 698 2328 ,
730 2282 770 2314 et
800 2275 961 2315 naribus
993 2275 1100 2315 utilis
1131 2276 1257 2329 Agre,

215 2333 463 2386 Hylaeusque
496 2335 606 2374 ferox
638 2346 765 2385 nuper
797 2346 1009 2384 percussus
1041 2333 1088 2373 ab
1121 2346 1240 2388 apro,

1139 2401 1155 2417 ⁸

1109 2404 1130 2434 4
