1554 2563
178 137 263 179 320
388 150 599 174 nxrromrtm
729 136 942 172 METAMM
955 165 963 174 .

298 248 425 287 Frena
457 260 573 287 manu
606 248 754 299 spumis
786 246 1006 287 albentibus
1039 246 1158 287 oblita
1188 246 1339 302 luctor,

208 314 275 345 520
296 306 345 345 Et
376 312 483 345 retro
515 307 639 345 lentas
672 305 787 345 tendo
820 307 1031 358 resupinus
1062 306 1255 346 habenas,

295 365 375 404 Nec
408 371 536 404 tamen
569 365 637 404 has
668 366 771 404 vires
802 364 930 404 rabies
962 371 1187 416 superasset
1217 377 1434 418 equorum,

296 423 343 462 Ni
376 429 460 463 rota
492 429 727 475 perpetuum
759 435 835 475 qua
867 423 1185 463 circumvolvitur
1217 436 1350 477 axem,

297 482 448 534 Stipitis
481 495 650 522 occursu
681 483 803 522 fracta
834 494 878 522 ac
910 482 1072 521 d1siecta
1103 483 1263 522 fuisset.

296 540 483 581 Excutior
515 554 666 594 curru,
697 541 870 592 lorisque
904 540 1128 581 tenentibus
1161 547 1269 581 artus

210 607 274 638 525
297 599 453 639 Viscera
484 601 568 639 viva
600 599 730 653 trahi,
762 612 903 639 nervos
936 601 975 639 in
1007 601 1130 652 stirpe
1162 601 1312 654 teneri,

296 659 468 698 Membra
500 660 583 710 rapi
614 660 786 711 partim,
818 660 1039 710 partimque
1070 671 1258 711 reprensa
1290 658 1482 712 relinqui,

296 718 393 757 Ossa
424 723 580 769 gravem
612 718 704 756 dare
737 718 858 756 fracta
889 729 1029 756 sonum
1048 749 1059 770 ,
1091 718 1310 769 fessamque
1341 717 1493 757 videres

295 776 475 815 Exhalari
507 778 673 815 animam
692 807 703 829 ,
734 776 938 827 nullasque
970 778 1010 815 in
1042 788 1209 828 corpore
1239 782 1394 829 partes,

295 835 465 874 Noscere
499 847 594 886 quas
626 847 791 887 posses,
822 846 1023 886 unumque
1056 840 1140 874 erat
1170 837 1299 874 omnia
1330 835 1493 874 vulnus.

210 901 277 932 530
298 893 400 933 Num
432 899 543 946 potes
576 900 642 933 aut
674 893 792 933 audes
825 893 924 932 cladi
956 905 1191 945 componere
1223 898 1401 946 nostrae,

295 952 498 1006 Nympha,
531 958 636 991 tuam
655 950 677 992 i>
707 952 785 991 vidi
817 964 973 1004 quoque
1005 952 1092 991 luce
1125 954 1296 991 carentia
1328 964 1470 1005 regna,

295 1011 345 1050 Et
377 1011 549 1050 lacerum
582 1012 659 1050 fovi
690 1010 1012 1062 Phlegethontide
1047 1023 1190 1062 corpus
1222 1012 1262 1050 in
1294 1011 1420 1050 unda.

295 1069 375 1108 Nec
408 1071 483 1109 nisi
514 1069 738 1121 Apollineae
770 1069 895 1109 valido
928 1070 1182 1109 medicamine
1214 1069 1335 1121 prolis

295 1128 459 1168 Reddita
491 1130 567 1167 vita
600 1129 728 1168 soret.
769 1140 885 1180 quam
917 1134 1124 1180 postquam
1157 1127 1325 1167 fortibus
1357 1127 1489 1167 herbis

207 1193 274 1225 535
296 1188 422 1238 Atque
455 1199 527 1238 ope
560 1187 727 1226 Paeonia
746 1219 756 1239 ,
789 1187 874 1226 Dite
907 1187 1163 1240 indignante,
1195 1188 1351 1239 recepi,

294 1245 394 1284 Tum
428 1245 550 1297 mihi,
582 1257 630 1284 ne
663 1257 848 1297 praesens
881 1257 1065 1296 augerem
1097 1247 1271 1285 muneris
1302 1245 1418 1284 hulus

296 1303 510 1356 Invidiam,
542 1303 682 1342 densas
714 1303 857 1343 obiecit
889 1303 1051 1355 Cynthia
1083 1303 1230 1344 nubes:

295 1361 423 1413 thue
457 1362 582 1401 forem
614 1368 751 1415 tutus,
782 1374 1018 1414 possemque
1050 1364 1209 1414 impune
1240 1362 1388 1415 videri,

295 1420 451 1459 Addidit
482 1426 647 1459 aetatem
679 1432 752 1459 nec
785 1421 1055 1472 cognoscenda
1086 1421 1245 1472 reliquit
1369 1429 1396 1456 f.
1419 1430 1512 1456 ccxii.

208 1486 275 1517 540
297 1479 375 1518 Ora
406 1479 530 1532 mihi3
563 1478 785 1530 Cretenque
818 1479 884 1518 diu
916 1479 1106 1519 dubitavit
1136 1479 1354 1518 habendam

295 1537 514 1590 Traderet,
546 1549 594 1576 an
627 1537 776 1577 Delon.
815 1537 908 1577 Delo
941 1537 1133 1590 Cretaque
1166 1537 1312 1578 relictis

296 1596 367 1635 Hic
398 1598 559 1649 posuit,
591 1608 812 1647 nomenque
846 1596 989 1649 simul,
1022 1596 1126 1648 quod
1163 1598 1288 1648 possit
1327 1608 1518 1647 equorum

295 1655 553 1694 Admonuisse
572 1686 583 1708 ,
615 1654 725 1694 iubet
755 1655 951 1706 deponere
971 1687 981 1706 ,
1015 1652 1128 1706 “qui’
1161 1667 1236 1707 que
1269 1652 1394 1694 ‘fuisti

297 1713 529 1766 Hippolytus
548 1710 574 1766 ,'
607 1713 705 1752 dixit
737 1710 856 1753 ‘nunc
888 1713 991 1752 idem
1023 1712 1179 1753 Virbius
1212 1719 1296 1753 esto
1311 1710 1353 1753 .'’

210 1779 276 1810 545
297 1771 382 1811 Hoc
413 1784 553 1811 nemus
584 1772 675 1810 inde
708 1771 792 1811 colo
812 1803 823 1824 ,
855 1772 901 1811 de
934 1772 1071 1823 disque
1104 1772 1321 1811 minoribus
1352 1784 1455 1812 unus

295 1830 462 1870 Numine
495 1830 567 1870 sub
601 1830 780 1869 dominae
811 1830 911 1870 lateo
944 1836 1061 1882 atque
1094 1842 1305 1870 accenseor
1337 1830 1391 1870 illi
1405 1828 1429 1870 .'

354 1889 441 1928 Non
473 1895 602 1928 tamen
634 1888 797 1940 Egeriae
830 1888 959 1928 luctus
991 1889 1114 1928 aliena
1145 1889 1272 1928 levare

295 1947 442 1987 Damna
472 1947 629 2000 valent3
661 1949 883 1999 montisque
916 1949 1046 1987 iacens
1078 1947 1275 1987 radicibus
1306 1949 1394 1987 imis

296 2005 479 2057 Liquitur
509 2008 550 2045 in
582 2006 761 2045 lacrimas
780 2037 791 2059 ,
823 2006 947 2045 donec
979 2007 1122 2058 pietate
1155 2006 1322 2045 dolentis

209 2071 276 2104 550
295 2064 398 2104 Mota
424 2076 536 2104 soror
561 2063 709 2104 Phoebi
735 2064 905 2116 gelidum
932 2065 979 2103 de
1005 2076 1169 2116 corpore
1196 2065 1342 2104 fontem
1362 2073 1388 2099 f·
1410 2073 1513 2100 ccxiii·
1552 2076 1554 2080 ·

296 2122 434 2176 Fecit,
466 2129 505 2162 et
536 2128 715 2162 aeternas
748 2128 855 2162 artus
888 2124 1062 2162 tenuavit
1092 2125 1132 2162 in
1163 2122 1312 2162 undas.

297 2180 347 2220 Et
378 2181 566 2233 nymphas
598 2182 727 2233 tetigit
757 2193 855 2220 nova
886 2193 949 2220 res
968 2213 980 2234 ,
1012 2186 1051 2220 et
1080 2181 1272 2220 Amazone
1304 2188 1418 2221 natus

297 2238 408 2278 Haud
440 2240 553 2279 aliter
585 2241 764 2293 stupuit,
797 2252 913 2291 quam
944 2252 1034 2279 cum
1065 2239 1292 2292 Tyrrhenus
1324 2245 1453 2280 arator

296 2297 467 2337 Fatalem
498 2298 673 2349 glaebam
705 2298 843 2338 mediis
876 2300 1026 2350 aspexit
1056 2299 1097 2337 in
1128 2300 1229 2337 arvis

210 2362 276 2393 555
299 2354 446 2407 Sponte
467 2368 537 2396 sua
556 2359 727 2409 primum
747 2356 931 2409 nulloque
953 2358 1120 2408 agitante
1141 2359 1312 2411 moveri,
1366 2367 1395 2392 ι.
1415 2365 1517 2392 ccxiv·
