1554 2563
70 155 152 197 178
304 168 470 191 ommim
619 155 833 190 METAMM
843 181 854 193 .

188 265 351 304 [ndulsit
382 267 507 317 primo
540 264 739 318 lacrimis,
771 265 978 317 flendoque
1011 265 1186 306 dolorem

186 323 346 363 Diffudit
378 323 597 363 miseranda
629 336 772 363 suum.
811 337 899 363 mox
932 324 1072 364 deinde
1105 321 1215 377 ‘quid
1248 331 1377 364 autem

186 382 341 421 Flemus
361 378 397 421 ’θ’
430 383 483 421 ait
515 379 666 433 ‘paelex
698 382 868 421 lacrimis
900 382 1106 422 laetabitur
1139 385 1248 423 istis.

101 448 165 480 145
187 440 293 487 Quae
326 442 510 492 quoniam
543 441 749 493 adveniet,
781 441 1071 493 properandum
1103 441 1326 493 aliquidque

1073 501 1293 540 novandum
1326 506 1407 551 est,

186 558 286 597 Dum
318 558 438 611 licet,
469 563 509 597 et
540 558 713 597 nondum
744 558 932 597 thalamos
961 564 1070 598 tenet
1089 559 1208 598 altera
1229 565 1407 598 nostros.

186 617 414 668 Conquerar
433 648 443 669 ,
475 628 522 655 an
544 617 677 656 sileam
696 615 717 656 Ῥ
750 623 923 668 repetam
945 617 1136 668 Calydona
1153 649 1165 670 ‚
1192 629 1372 657 morerne
1387 614 1410 657 ’ἓ

186 675 380 714 Excedam
413 677 526 714 tectis
545 673 567 714 ?
599 687 646 714 an
666 708 677 727 ,
708 677 742 715 si
773 676 867 714 nihil
900 676 1093 729 amplius,
1125 674 1311 716 obstem?

187 734 288 780 Quid
322 736 354 773 si
387 746 447 773 me
467 766 478 786 ,
510 733 702 785 Meleagre
721 766 732 786 ,
764 740 870 773 tuam
902 747 1051 774 memor
1084 747 1169 774 esse
1203 747 1378 774 sororem

100 800 166 832 150
186 792 302 832 Forte
334 805 429 844 paro
464 793 642 845 facinus,
675 799 942 844 quantumque
976 795 1116 832 iniuria
1150 796 1273 845 possit

186 851 473 902 Femineusque
507 851 645 904 dolor,
677 852 848 903 iugulata
879 851 1026 903 paelice
1060 858 1181 891 testor
1195 850 1231 891 ’θ’

184 910 372 949 Incursus
405 911 558 949 animus
590 911 717 949 varios
749 910 894 950 habet‘.
927 909 1108 949 omnibus
1140 910 1215 950 illis

186 969 376 1008 Praetulit
409 969 596 1008 imbutam
628 968 776 1008 Nesseo
810 971 998 1020 sanguine
1032 974 1180 1009 vestem

186 1028 341 1067 Mittere
361 1060 371 1079 ‚
404 1040 502 1079 quae
535 1029 636 1066 vires
670 1027 822 1066 detecto
856 1028 992 1067 reddat
1023 1030 1167 1066 amori.

100 1093 165 1125 155
187 1087 403 1138 ignaroque
437 1085 576 1125 Lichae
596 1118 607 1139 ,
640 1087 732 1137 quid
766 1086 919 1138 tradat,
952 1088 1111 1139 nescia,
1143 1086 1272 1126 luctus

186 1145 272 1197 Ipsa
305 1158 397 1184 suos
430 1145 575 1184 tradit.
615 1144 844 1196 blandisque
878 1146 1096 1184 miserrima
1129 1145 1281 1197 verbis,

186 1203 293 1243 Dona
325 1203 391 1242 det
423 1203 484 1242 illa
517 1205 627 1256 viro,
660 1204 843 1243 mandat.
883 1205 986 1255 capit
1016 1205 1164 1243 inscius
1197 1204 1336 1257 heros,

185 1262 444 1312 Induiturque
478 1263 624 1300 umeris
657 1261 851 1301 Lernaeae
884 1264 989 1300 virus
1023 1262 1231 1302 echidnae.

188 1320 292 1359 Tura
326 1321 440 1359 dabat
466 1322 601 1371 primis
635 1327 673 1359 et
704 1320 821 1359 verba
854 1322 1052 1372 precantia
1085 1321 1272 1373 flammis,

101 1387 166 1419 160
189 1379 359 1429 Vinaque
393 1391 630 1418 marmoreas
662 1385 793 1430 patera
828 1379 1014 1418 fundebat
1045 1380 1083 1417 in
1117 1391 1226 1419 aras:

186 1438 351 1477 Incaluit
381 1440 438 1476 vis
471 1438 533 1476 illa
566 1437 683 1489 mali,
717 1437 964 1489 resolutaque
999 1438 1161 1476 [lammis

188 1496 403 1536 Herculeos
436 1495 529 1534 abiit
561 1496 635 1535 late
668 1496 807 1534 diffusa
838 1509 909 1547 per
942 1502 1072 1535 artus.

187 1556 287 1595 Dum
318 1557 474 1607 potuit,
507 1554 618 1593 solita
650 1556 839 1605 gemitum
871 1556 1014 1594 virtute
1047 1556 1259 1606 repressit.

186 1614 294 1653 Victa
327 1614 437 1653 malis
469 1619 675 1665 postquam
708 1620 768 1651 est
799 1615 1014 1666 patientia,
1048 1614 1218 1665 reppulit
1250 1625 1360 1666 aras,

100 1680 165 1712 165
186 1672 441 1724 Implevitque
475 1674 555 1711 suis
588 1683 840 1711 nemorosum
872 1672 1033 1711 vocibus
1067 1671 1214 1711 Oeten.

188 1731 269 1770 Nec
303 1744 410 1770 mora
430 1763 440 1782 ,
473 1730 665 1770 letiferam
697 1737 861 1769 conatur
893 1730 1072 1769 scindere
1103 1736 1274 1769 vestem:

188 1790 272 1835 Qua
305 1790 500 1841 trahitur,
535 1789 652 1828 trahit
690 1789 752 1827 illa
789 1795 949 1841 cutem,
982 1789 1217 1839 foedumque
1259 1788 1409 1843 relatu,

187 1849 263 1887 Aut
294 1848 430 1887 haeret
461 1847 647 1886 membris
681 1848 825 1886 frustra
858 1853 1043 1898 temptata
1075 1847 1232 1899 revelli,

186 1907 264 1946 Aut
295 1907 445 1945 laceros
477 1912 586 1944 artus
619 1912 657 1944 et
688 1906 846 1956 grandia
880 1906 1026 1956 detegit
1057 1918 1167 1945 ossa.

101 1965 274 2016 1701pse
308 1977 455 2016 cruor,
487 1965 613 2015 gelido
646 1976 718 2003 ceu
752 1964 947 2014 quondam
978 1964 1159 2003 lammina
1191 1964 1360 2003 candens

188 2024 327 2063 Tincta
360 2023 476 2074 lacu,
509 2023 638 2061 stridit
671 2024 931 2073 coquiturque
964 2023 1125 2061 ardente
1159 2035 1330 2061 veneno.

187 2081 267 2121 Nec
300 2082 438 2120 modus
472 2088 559 2132 est,
592 2081 753 2119 sorbent
785 2081 916 2119 avidae
949 2080 1175 2132 praecordia
1208 2081 1408 2134 flammae,

189 2140 480 2190 Caeruleusque
513 2140 598 2178 ssuit
631 2145 711 2178 toto
743 2139 790 2177 de
825 2151 988 2190 corpore
1022 2139 1166 2191 sudor,

187 2198 444 2249 Ambustique
477 2204 616 2236 sonant
648 2199 786 2249 nervi,
819 2209 1009 2248 caecaque
1045 2197 1223 2236 medullis

98 2264 166 2296 175
187 2257 291 2295 Tabe
324 2257 543 2308 liquefactis
576 2257 740 2295 tendens
773 2255 818 2294 ad
852 2256 978 2295 sidera
1011 2256 1155 2307 palmas

190 2313 388 2354 ‘Cladibus
407 2313 432 2366 ,'
466 2314 654 2353 exclamat
686 2312 882 2353 ‘Saturnia
900 2346 912 2367 ‚
943 2326 1104 2366 pascere
1138 2316 1307 2354 nostris:

188 2373 355 2413 Pascere
374 2404 386 2425 ,
419 2378 458 2412 et
489 2373 588 2412 hanc
617 2379 769 2424 pestem
802 2379 934 2424 specta
953 2404 964 2425 ,
997 2372 1166 2413 crudelis
1185 2404 1197 2425 ‚
1229 2373 1275 2411 ab
1308 2371 1410 2427 alto,
