<?xml version="1.0" encoding="UTF-8"?>
<!DOCTYPE html PUBLIC "-//W3C//DTD XHTML 1.0 Transitional//EN"
    "http://www.w3.org/TR/xhtml1/DTD/xhtml1-transitional.dtd">
<html xmlns="http://www.w3.org/1999/xhtml" xml:lang="en" lang="en">
 <head>
  <title>
</title>
<meta http-equiv="Content-Type" content="text/html;charset=utf-8" />
  <meta name='ocr-system' content='tesseract 3.04.00' />
  <meta name='ocr-capabilities' content='ocr_page ocr_carea ocr_par ocr_line ocrx_word'/>
</head>
<body>
  <div class='ocr_page' id='page_1' title='image "./operaovid02oviduoft_0104.png"; bbox 0 0 1554 2563; ppageno 0'>
   <div class='ocr_carea' id='block_1_1' title="bbox 93 102 881 148">
    <p class='ocr_par' dir='ltr' id='par_1_1' title="bbox 93 102 881 148">
     <span class='ocr_line' id='line_1_1' title="bbox 93 102 881 148; baseline -0.008 -6"><span class='ocrx_word' id='word_1_1' title='bbox 93 106 147 148; x_wconf 87' lang='lat'>38</span> <span class='ocrx_word' id='word_1_2' title='bbox 331 117 461 141; x_wconf 72' lang='lat' dir='ltr'>convns</span> <span class='ocrx_word' id='word_1_3' title='bbox 645 102 859 138; x_wconf 83' lang='lat' dir='ltr'>METAMM</span> <span class='ocrx_word' id='word_1_4' title='bbox 873 129 881 137; x_wconf 94' lang='lat'>.</span> 
     </span>
    </p>
   </div>
   <div class='ocr_carea' id='block_1_2' title="bbox 73 211 1436 2376">
    <p class='ocr_par' dir='ltr' id='par_1_2' title="bbox 211 211 1355 263">
     <span class='ocr_line' id='line_1_2' title="bbox 211 211 1355 263; baseline -0.005 -9"><span class='ocrx_word' id='word_1_5' title='bbox 211 216 291 254; x_wconf 86' lang='lat' dir='ltr'>Vox</span> <span class='ocrx_word' id='word_1_6' title='bbox 324 227 409 255; x_wconf 89' lang='lat' dir='ltr'>mea</span> <span class='ocrx_word' id='word_1_7' title='bbox 441 213 673 253; x_wconf 83' lang='lat' dir='ltr'><strong>mortalem.</strong></span> <span class='ocrx_word' id='word_1_8' title='bbox 710 219 816 252; x_wconf 91' lang='lat' dir='ltr'>mota</span> <span class='ocrx_word' id='word_1_9' title='bbox 847 217 908 251; x_wconf 89' lang='lat' dir='ltr'>est</span> <span class='ocrx_word' id='word_1_10' title='bbox 937 223 1009 263; x_wconf 90' lang='lat' dir='ltr'>pro</span> <span class='ocrx_word' id='word_1_11' title='bbox 1042 212 1191 262; x_wconf 88' lang='lat' dir='ltr'>virgine</span> <span class='ocrx_word' id='word_1_12' title='bbox 1223 211 1355 261; x_wconf 83' lang='lat' dir='ltr'>virgo,</span> 
     </span>
    </p>

    <p class='ocr_par' dir='ltr' id='par_1_3' title="bbox 124 269 1431 560">
     <span class='ocr_line' id='line_1_3' title="bbox 124 269 1249 325; baseline -0.005 -11"><span class='ocrx_word' id='word_1_13' title='bbox 124 283 191 315; x_wconf 82' lang='lat'>580</span> <span class='ocrx_word' id='word_1_14' title='bbox 210 274 484 325; x_wconf 86' lang='lat' dir='ltr'>Auxiliumque</span> <span class='ocrx_word' id='word_1_15' title='bbox 516 272 632 312; x_wconf 89' lang='lat' dir='ltr'>tulit.</span> <span class='ocrx_word' id='word_1_16' title='bbox 670 271 876 311; x_wconf 83' lang='lat' dir='ltr'>tendebam</span> <span class='ocrx_word' id='word_1_17' title='bbox 907 269 1088 309; x_wconf 90' lang='lat' dir='ltr'>bracchia</span> <span class='ocrx_word' id='word_1_18' title='bbox 1120 269 1249 309; x_wconf 70' lang='lat' dir='ltr'>caelot</span> 
     </span>
     <span class='ocr_line' id='line_1_4' title="bbox 210 330 1431 383; baseline -0.005 -11"><span class='ocrx_word' id='word_1_19' title='bbox 210 332 397 372; x_wconf 84' lang='lat' dir='ltr'>Bracchia</span> <span class='ocrx_word' id='word_1_20' title='bbox 428 336 645 383; x_wconf 88' lang='lat' dir='ltr'>coeperunt</span> <span class='ocrx_word' id='word_1_21' title='bbox 674 330 824 369; x_wconf 90' lang='lat' dir='ltr'>levibus</span> <span class='ocrx_word' id='word_1_22' title='bbox 843 331 1068 381; x_wconf 78' lang='lat' dir='ltr'>nigrescere</span> <span class='ocrx_word' id='word_1_23' title='bbox 1092 330 1255 380; x_wconf 88' lang='lat' dir='ltr'>pennis.</span> <span class='ocrx_word' id='word_1_24' title='bbox 1294 335 1323 362; x_wconf 65' lang='grc' dir='ltr'>ί.</span> <span class='ocrx_word' id='word_1_25' title='bbox 1342 334 1431 362; x_wconf 65' lang='lat' dir='ltr'>xviii·</span> 
     </span>
     <span class='ocr_line' id='line_1_5' title="bbox 212 386 1209 431; baseline -0.005 0"><span class='ocrx_word' id='word_1_26' title='bbox 212 392 376 431; x_wconf 82' lang='lat' dir='ltr'>Reicere</span> <span class='ocrx_word' id='word_1_27' title='bbox 408 402 455 430; x_wconf 88' lang='lat' dir='ltr'>ex</span> <span class='ocrx_word' id='word_1_28' title='bbox 487 391 634 430; x_wconf 90' lang='lat' dir='ltr'>umeris</span> <span class='ocrx_word' id='word_1_29' title='bbox 665 394 814 428; x_wconf 91' lang='lat' dir='ltr'>vestem</span> <span class='ocrx_word' id='word_1_30' title='bbox 845 388 1037 427; x_wconf 88' lang='lat' dir='ltr'>molibar.</span> <span class='ocrx_word' id='word_1_31' title='bbox 1076 393 1115 426; x_wconf 91' lang='lat' dir='ltr'>at</span> <span class='ocrx_word' id='word_1_32' title='bbox 1145 386 1209 426; x_wconf 90' lang='lat' dir='ltr'>illa</span> 
     </span>
     <span class='ocr_line' id='line_1_6' title="bbox 211 447 1274 500; baseline -0.005 -11"><span class='ocrx_word' id='word_1_33' title='bbox 211 450 348 490; x_wconf 85' lang='lat' dir='ltr'><strong>Pluma</strong></span> <span class='ocrx_word' id='word_1_34' title='bbox 380 454 464 489; x_wconf 88' lang='lat' dir='ltr'>erat</span> <span class='ocrx_word' id='word_1_35' title='bbox 494 450 613 500; x_wconf 88' lang='lat' dir='ltr'>inque</span> <span class='ocrx_word' id='word_1_36' title='bbox 645 454 776 488; x_wconf 87' lang='lat' dir='ltr'>cutem</span> <span class='ocrx_word' id='word_1_37' title='bbox 808 447 959 486; x_wconf 83' lang='lat' dir='ltr'>radices</span> <span class='ocrx_word' id='word_1_38' title='bbox 992 452 1125 497; x_wconf 86' lang='lat' dir='ltr'>egerat</span> <span class='ocrx_word' id='word_1_39' title='bbox 1154 447 1274 485; x_wconf 90' lang='lat' dir='ltr'>imas.</span> 
     </span>
     <span class='ocr_line' id='line_1_7' title="bbox 210 504 1245 560; baseline -0.005 -12"><span class='ocrx_word' id='word_1_40' title='bbox 210 509 399 560; x_wconf 86' lang='lat' dir='ltr'>Plangere</span> <span class='ocrx_word' id='word_1_41' title='bbox 430 508 535 547; x_wconf 87' lang='lat' dir='ltr'>nuda</span> <span class='ocrx_word' id='word_1_42' title='bbox 566 509 663 546; x_wconf 91' lang='lat' dir='ltr'>meis</span> <span class='ocrx_word' id='word_1_43' title='bbox 695 505 863 546; x_wconf 88' lang='lat' dir='ltr'>conabar</span> <span class='ocrx_word' id='word_1_44' title='bbox 894 511 1054 558; x_wconf 78' lang='lat' dir='ltr'>pectora</span> <span class='ocrx_word' id='word_1_45' title='bbox 1084 504 1245 556; x_wconf 84' lang='lat' dir='ltr'>palmis:</span> 
     </span>
    </p>

    <p class='ocr_par' dir='ltr' id='par_1_4' title="bbox 125 561 1431 852">
     <span class='ocr_line' id='line_1_8' title="bbox 125 561 1431 618; baseline -0.005 -11"><span class='ocrx_word' id='word_1_46' title='bbox 125 576 191 607; x_wconf 82' lang='lat'>585</span> <span class='ocrx_word' id='word_1_47' title='bbox 214 567 291 607; x_wconf 86' lang='lat' dir='ltr'>Sed</span> <span class='ocrx_word' id='word_1_48' title='bbox 322 578 451 618; x_wconf 87' lang='lat' dir='ltr'>neque</span> <span class='ocrx_word' id='word_1_49' title='bbox 483 568 558 605; x_wconf 89' lang='lat' dir='ltr'>iam</span> <span class='ocrx_word' id='word_1_50' title='bbox 589 565 735 618; x_wconf 90' lang='lat' dir='ltr'>palmas</span> <span class='ocrx_word' id='word_1_51' title='bbox 754 597 765 617; x_wconf 87' lang='lat'>,</span> <span class='ocrx_word' id='word_1_52' title='bbox 796 576 869 604; x_wconf 86' lang='lat' dir='ltr'>nec</span> <span class='ocrx_word' id='word_1_53' title='bbox 899 570 1060 616; x_wconf 83' lang='lat' dir='ltr'>pectora</span> <span class='ocrx_word' id='word_1_54' title='bbox 1091 563 1195 602; x_wconf 91' lang='lat' dir='ltr'>nuda</span> <span class='ocrx_word' id='word_1_55' title='bbox 1227 561 1431 614; x_wconf 84' lang='lat' dir='ltr'>gerebam.</span> 
     </span>
     <span class='ocr_line' id='line_1_9' title="bbox 212 621 1378 676; baseline -0.005 -10"><span class='ocrx_word' id='word_1_56' title='bbox 212 625 456 666; x_wconf 88' lang='lat' dir='ltr'>Currebam:</span> <span class='ocrx_word' id='word_1_57' title='bbox 482 637 554 665; x_wconf 90' lang='lat' dir='ltr'>nec</span> <span class='ocrx_word' id='word_1_58' title='bbox 573 657 583 676; x_wconf 91' lang='lat'><em>‚</em></span> <span class='ocrx_word' id='word_1_59' title='bbox 610 631 654 664; x_wconf 89' lang='lat' dir='ltr'>ut</span> <span class='ocrx_word' id='word_1_60' title='bbox 685 630 773 664; x_wconf 84' lang='lat' dir='ltr'>ante</span> <span class='ocrx_word' id='word_1_61' title='bbox 791 655 803 676; x_wconf 87' lang='lat'><em>‚</em></span> <span class='ocrx_word' id='word_1_62' title='bbox 834 623 954 675; x_wconf 90' lang='lat' dir='ltr'>pedes</span> <span class='ocrx_word' id='word_1_63' title='bbox 986 622 1180 662; x_wconf 86' lang='lat' dir='ltr'>retinebat</span> <span class='ocrx_word' id='word_1_64' title='bbox 1210 621 1378 672; x_wconf 88' lang='lat' dir='ltr'>harena,</span> 
     </span>
     <span class='ocr_line' id='line_1_10' title="bbox 214 683 1334 733; baseline -0.005 -8"><span class='ocrx_word' id='word_1_65' title='bbox 214 685 291 725; x_wconf 88' lang='lat' dir='ltr'>Sed</span> <span class='ocrx_word' id='word_1_66' title='bbox 323 696 474 724; x_wconf 92' lang='lat' dir='ltr'>summa</span> <span class='ocrx_word' id='word_1_67' title='bbox 506 683 669 723; x_wconf 89' lang='lat' dir='ltr'>tollebar</span> <span class='ocrx_word' id='word_1_68' title='bbox 700 683 843 722; x_wconf 89' lang='lat' dir='ltr'>humo.</span> <span class='ocrx_word' id='word_1_69' title='bbox 881 694 971 722; x_wconf 87' lang='lat' dir='ltr'>mox</span> <span class='ocrx_word' id='word_1_70' title='bbox 1003 687 1087 720; x_wconf 89' lang='lat' dir='ltr'>acta</span> <span class='ocrx_word' id='word_1_71' title='bbox 1117 692 1189 733; x_wconf 89' lang='lat' dir='ltr'>per</span> <span class='ocrx_word' id='word_1_72' title='bbox 1220 691 1334 719; x_wconf 87' lang='lat' dir='ltr'>auras</span> 
     </span>
     <span class='ocr_line' id='line_1_11' title="bbox 213 739 1346 796; baseline -0.005 -13"><span class='ocrx_word' id='word_1_73' title='bbox 213 743 368 783; x_wconf 87' lang='lat' dir='ltr'>Evehor</span> <span class='ocrx_word' id='word_1_74' title='bbox 386 774 397 796; x_wconf 91' lang='lat'><em>,</em></span> <span class='ocrx_word' id='word_1_75' title='bbox 429 748 469 782; x_wconf 90' lang='lat' dir='ltr'>et</span> <span class='ocrx_word' id='word_1_76' title='bbox 500 743 587 782; x_wconf 88' lang='lat' dir='ltr'>data</span> <span class='ocrx_word' id='word_1_77' title='bbox 619 754 707 782; x_wconf 90' lang='lat' dir='ltr'>sum</span> <span class='ocrx_word' id='word_1_78' title='bbox 738 752 870 780; x_wconf 90' lang='lat' dir='ltr'>comes</span> <span class='ocrx_word' id='word_1_79' title='bbox 901 740 1098 792; x_wconf 88' lang='lat' dir='ltr'>inculpata</span> <span class='ocrx_word' id='word_1_80' title='bbox 1128 739 1346 778; x_wconf 90' lang='lat' dir='ltr'>Minervae.</span> 
     </span>
     <span class='ocr_line' id='line_1_12' title="bbox 214 797 1317 852; baseline -0.005 -10"><span class='ocrx_word' id='word_1_81' title='bbox 214 803 318 849; x_wconf 87' lang='lat' dir='ltr'>Quid</span> <span class='ocrx_word' id='word_1_82' title='bbox 344 807 474 841; x_wconf 86' lang='lat' dir='ltr'>tamen</span> <span class='ocrx_word' id='word_1_83' title='bbox 506 801 580 840; x_wconf 92' lang='lat' dir='ltr'>hoc</span> <span class='ocrx_word' id='word_1_84' title='bbox 612 800 803 852; x_wconf 86' lang='lat' dir='ltr'>prodest,</span> <span class='ocrx_word' id='word_1_85' title='bbox 835 801 868 838; x_wconf 93' lang='lat' dir='ltr'>si</span> <span class='ocrx_word' id='word_1_86' title='bbox 900 799 984 838; x_wconf 89' lang='lat' dir='ltr'>diro</span> <span class='ocrx_word' id='word_1_87' title='bbox 1015 799 1116 838; x_wconf 86' lang='lat' dir='ltr'>facta</span> <span class='ocrx_word' id='word_1_88' title='bbox 1147 797 1317 837; x_wconf 84' lang='lat' dir='ltr'>volucris</span> 
     </span>
    </p>

    <p class='ocr_par' dir='ltr' id='par_1_5' title="bbox 125 854 1242 912">
     <span class='ocr_line' id='line_1_13' title="bbox 125 854 1242 912; baseline -0.005 -11"><span class='ocrx_word' id='word_1_89' title='bbox 125 871 192 903; x_wconf 82' lang='lat'>590</span> <span class='ocrx_word' id='word_1_90' title='bbox 214 861 386 901; x_wconf 88' lang='lat' dir='ltr'>Crimine</span> <span class='ocrx_word' id='word_1_91' title='bbox 418 860 647 912; x_wconf 83' lang='lat' dir='ltr'>Nyctimene</span> <span class='ocrx_word' id='word_1_92' title='bbox 679 864 815 899; x_wconf 87' lang='lat' dir='ltr'>nostro</span> <span class='ocrx_word' id='word_1_93' title='bbox 847 859 1039 898; x_wconf 87' lang='lat' dir='ltr'>successit</span> <span class='ocrx_word' id='word_1_94' title='bbox 1069 854 1242 896; x_wconf 79' lang='lat' dir='ltr'>honori?</span> 
     </span>
    </p>

    <p class='ocr_par' dir='ltr' id='par_1_6' title="bbox 210 915 1434 1147">
     <span class='ocr_line' id='line_1_14' title="bbox 211 915 1434 971; baseline -0.006 -11"><span class='ocrx_word' id='word_1_95' title='bbox 211 923 270 960; x_wconf 84' lang='lat' dir='ltr'>An</span> <span class='ocrx_word' id='word_1_96' title='bbox 301 931 400 971; x_wconf 88' lang='lat' dir='ltr'>quae</span> <span class='ocrx_word' id='word_1_97' title='bbox 432 931 504 971; x_wconf 91' lang='lat' dir='ltr'>per</span> <span class='ocrx_word' id='word_1_98' title='bbox 533 924 655 958; x_wconf 79' lang='lat' dir='ltr'>totam</span> <span class='ocrx_word' id='word_1_99' title='bbox 686 929 750 957; x_wconf 91' lang='lat' dir='ltr'>res</span> <span class='ocrx_word' id='word_1_100' title='bbox 776 922 837 956; x_wconf 93' lang='lat' dir='ltr'>est</span> <span class='ocrx_word' id='word_1_101' title='bbox 867 918 1070 956; x_wconf 88' lang='lat' dir='ltr'>notissima</span> <span class='ocrx_word' id='word_1_102' title='bbox 1099 915 1279 967; x_wconf 90' lang='lat' dir='ltr'>Lesbon,</span> <span class='ocrx_word' id='word_1_103' title='bbox 1315 924 1344 949; x_wconf 72' lang='grc' dir='ltr'>ι.</span> <span class='ocrx_word' id='word_1_104' title='bbox 1363 923 1434 949; x_wconf 75' lang='lat' dir='ltr'>xix.</span> 
     </span>
     <span class='ocr_line' id='line_1_15' title="bbox 212 973 1304 1028; baseline -0.005 -10"><span class='ocrx_word' id='word_1_105' title='bbox 212 978 299 1018; x_wconf 88' lang='lat' dir='ltr'>Non</span> <span class='ocrx_word' id='word_1_106' title='bbox 332 977 463 1017; x_wconf 89' lang='lat' dir='ltr'>audita</span> <span class='ocrx_word' id='word_1_107' title='bbox 495 977 566 1016; x_wconf 91' lang='lat' dir='ltr'>tibi</span> <span class='ocrx_word' id='word_1_108' title='bbox 599 974 699 1016; x_wconf 78' lang='lat' dir='ltr'>est?</span> <span class='ocrx_word' id='word_1_109' title='bbox 729 977 900 1028; x_wconf 87' lang='lat' dir='ltr'>patrium</span> <span class='ocrx_word' id='word_1_110' title='bbox 932 981 1144 1014; x_wconf 81' lang='lat' dir='ltr'>temerasse</span> <span class='ocrx_word' id='word_1_111' title='bbox 1177 973 1304 1013; x_wconf 86' lang='lat' dir='ltr'>cubile</span> 
     </span>
     <span class='ocr_line' id='line_1_16' title="bbox 210 1031 1393 1089; baseline -0.005 -12"><span class='ocrx_word' id='word_1_112' title='bbox 210 1037 470 1089; x_wconf 84' lang='lat' dir='ltr'>Nyctimenen</span> <span class='ocrx_word' id='word_1_113' title='bbox 489 1033 511 1074; x_wconf 69' lang='grc' dir='ltr'><em>Ῥ</em></span> <span class='ocrx_word' id='word_1_114' title='bbox 542 1037 622 1074; x_wconf 91' lang='lat' dir='ltr'>avis</span> <span class='ocrx_word' id='word_1_115' title='bbox 653 1034 717 1074; x_wconf 91' lang='lat' dir='ltr'>illa</span> <span class='ocrx_word' id='word_1_116' title='bbox 749 1034 907 1086; x_wconf 92' lang='lat' dir='ltr'>quidem</span> <span class='ocrx_word' id='word_1_117' title='bbox 925 1066 936 1087; x_wconf 89' lang='lat'><em>,</em></span> <span class='ocrx_word' id='word_1_118' title='bbox 968 1034 1037 1073; x_wconf 89' lang='lat' dir='ltr'>sed</span> <span class='ocrx_word' id='word_1_119' title='bbox 1069 1034 1225 1072; x_wconf 86' lang='lat' dir='ltr'>conscia</span> <span class='ocrx_word' id='word_1_120' title='bbox 1257 1031 1393 1084; x_wconf 88' lang='lat' dir='ltr'>culpae</span> 
     </span>
     <span class='ocr_line' id='line_1_17' title="bbox 212 1091 1354 1147; baseline -0.004 -12"><span class='ocrx_word' id='word_1_121' title='bbox 212 1095 479 1147; x_wconf 86' lang='lat' dir='ltr'>Conspectum</span> <span class='ocrx_word' id='word_1_122' title='bbox 509 1094 717 1145; x_wconf 89' lang='lat' dir='ltr'>lucemque</span> <span class='ocrx_word' id='word_1_123' title='bbox 750 1094 850 1144; x_wconf 86' lang='lat' dir='ltr'>fugit</span> <span class='ocrx_word' id='word_1_124' title='bbox 875 1091 1129 1143; x_wconf 88' lang='lat' dir='ltr'>tenebrisque</span> <span class='ocrx_word' id='word_1_125' title='bbox 1160 1091 1354 1143; x_wconf 87' lang='lat' dir='ltr'>pudorem</span> 
     </span>
    </p>

    <p class='ocr_par' dir='ltr' id='par_1_7' title="bbox 124 1147 1239 1207">
     <span class='ocr_line' id='line_1_18' title="bbox 124 1147 1239 1207; baseline -0.005 -13"><span class='ocrx_word' id='word_1_126' title='bbox 124 1163 190 1194; x_wconf 79' lang='lat'>595</span> <span class='ocrx_word' id='word_1_127' title='bbox 214 1154 320 1194; x_wconf 89' lang='lat' dir='ltr'>Celat</span> <span class='ocrx_word' id='word_1_128' title='bbox 338 1186 349 1207; x_wconf 89' lang='lat'><em>,</em></span> <span class='ocrx_word' id='word_1_129' title='bbox 381 1159 421 1193; x_wconf 90' lang='lat' dir='ltr'>et</span> <span class='ocrx_word' id='word_1_130' title='bbox 451 1166 473 1192; x_wconf 90' lang='lat' dir='ltr'>a</span> <span class='ocrx_word' id='word_1_131' title='bbox 505 1154 657 1192; x_wconf 90' lang='lat' dir='ltr'>cunctis</span> <span class='ocrx_word' id='word_1_132' title='bbox 689 1152 897 1204; x_wconf 84' lang='lat' dir='ltr'>expellitur</span> <span class='ocrx_word' id='word_1_133' title='bbox 929 1151 1086 1190; x_wconf 89' lang='lat' dir='ltr'>aethere</span> <span class='ocrx_word' id='word_1_134' title='bbox 1118 1156 1200 1189; x_wconf 87' lang='lat' dir='ltr'>toto</span> <span class='ocrx_word' id='word_1_135' title='bbox 1214 1147 1239 1189; x_wconf 89' lang='lat'>.&#39;</span> 
     </span>
    </p>

    <p class='ocr_par' dir='ltr' id='par_1_8' title="bbox 213 1207 1194 1253">
     <span class='ocr_line' id='line_1_19' title="bbox 213 1207 1194 1253; baseline -0.006 0"><span class='ocrx_word' id='word_1_136' title='bbox 213 1213 320 1253; x_wconf 86' lang='lat' dir='ltr'>Talia</span> <span class='ocrx_word' id='word_1_137' title='bbox 350 1212 496 1251; x_wconf 89' lang='lat' dir='ltr'>dicenti</span> <span class='ocrx_word' id='word_1_138' title='bbox 528 1208 629 1250; x_wconf 81' lang='lat' dir='ltr'>‘tibi&#39;</span> <span class='ocrx_word' id='word_1_139' title='bbox 662 1213 716 1250; x_wconf 92' lang='lat' dir='ltr'>ait</span> <span class='ocrx_word' id='word_1_140' title='bbox 747 1207 1022 1250; x_wconf 78' lang='lat' dir='ltr'>‘revocamina&#39;</span> <span class='ocrx_word' id='word_1_141' title='bbox 1054 1221 1194 1248; x_wconf 89' lang='lat' dir='ltr'>corvus</span> 
     </span>
    </p>

    <p class='ocr_par' dir='ltr' id='par_1_9' title="bbox 212 1264 1435 1428">
     <span class='ocr_line' id='line_1_20' title="bbox 213 1264 1435 1322; baseline -0.005 -11"><span class='ocrx_word' id='word_1_142' title='bbox 213 1269 318 1311; x_wconf 70' lang='lat' dir='ltr'>‘Sint</span> <span class='ocrx_word' id='word_1_143' title='bbox 348 1283 489 1322; x_wconf 89' lang='lat' dir='ltr'>precor</span> <span class='ocrx_word' id='word_1_144' title='bbox 520 1272 594 1310; x_wconf 89' lang='lat' dir='ltr'>ista</span> <span class='ocrx_word' id='word_1_145' title='bbox 626 1270 725 1308; x_wconf 91' lang='lat' dir='ltr'>malo</span> <span class='ocrx_word' id='word_1_146' title='bbox 745 1282 755 1309; x_wconf 71' lang='grc' dir='ltr'><strong><em>ε</em></strong></span> <span class='ocrx_word' id='word_1_147' title='bbox 787 1281 858 1308; x_wconf 92' lang='lat' dir='ltr'>nos</span> <span class='ocrx_word' id='word_1_148' title='bbox 877 1280 1021 1307; x_wconf 89' lang='lat' dir='ltr'>vanum</span> <span class='ocrx_word' id='word_1_149' title='bbox 1040 1269 1263 1319; x_wconf 89' lang='lat' dir='ltr'>spernimus</span> <span class='ocrx_word' id='word_1_150' title='bbox 1283 1278 1397 1306; x_wconf 89' lang='lat' dir='ltr'>omen</span> <span class='ocrx_word' id='word_1_151' title='bbox 1410 1264 1435 1319; x_wconf 93' lang='lat'>,’</span> 
     </span>
     <span class='ocr_line' id='line_1_21' title="bbox 212 1327 1329 1381; baseline -0.004 -12"><span class='ocrx_word' id='word_1_152' title='bbox 212 1330 293 1370; x_wconf 92' lang='lat' dir='ltr'>Nec</span> <span class='ocrx_word' id='word_1_153' title='bbox 325 1335 509 1381; x_wconf 87' lang='lat' dir='ltr'>coeptum</span> <span class='ocrx_word' id='word_1_154' title='bbox 540 1328 702 1368; x_wconf 88' lang='lat' dir='ltr'>dimittit</span> <span class='ocrx_word' id='word_1_155' title='bbox 732 1329 808 1367; x_wconf 85' lang='lat' dir='ltr'>iter</span> <span class='ocrx_word' id='word_1_156' title='bbox 826 1360 837 1380; x_wconf 89' lang='lat'><em>,</em></span> <span class='ocrx_word' id='word_1_157' title='bbox 869 1327 1105 1378; x_wconf 90' lang='lat' dir='ltr'>dominoque</span> <span class='ocrx_word' id='word_1_158' title='bbox 1136 1328 1329 1365; x_wconf 89' lang='lat' dir='ltr'>iacentem</span> 
     </span>
     <span class='ocr_line' id='line_1_22' title="bbox 214 1385 1316 1428; baseline -0.005 0"><span class='ocrx_word' id='word_1_159' title='bbox 214 1389 313 1428; x_wconf 91' lang='lat' dir='ltr'>Cum</span> <span class='ocrx_word' id='word_1_160' title='bbox 343 1390 484 1428; x_wconf 89' lang='lat' dir='ltr'>iuvene</span> <span class='ocrx_word' id='word_1_161' title='bbox 515 1386 729 1427; x_wconf 83' lang='lat' dir='ltr'>Haemonio</span> <span class='ocrx_word' id='word_1_162' title='bbox 761 1386 904 1425; x_wconf 89' lang='lat' dir='ltr'>vidisse</span> <span class='ocrx_word' id='word_1_163' title='bbox 937 1385 1130 1424; x_wconf 82' lang='lat' dir='ltr'>Coronida</span> <span class='ocrx_word' id='word_1_164' title='bbox 1162 1391 1316 1424; x_wconf 89' lang='lat' dir='ltr'>narrat.</span> 
     </span>
    </p>

    <p class='ocr_par' dir='ltr' id='par_1_10' title="bbox 125 1444 1196 1497">
     <span class='ocr_line' id='line_1_23' title="bbox 125 1444 1196 1497; baseline -0.006 -9"><span class='ocrx_word' id='word_1_165' title='bbox 125 1456 193 1488; x_wconf 84' lang='grc'>600</span> <span class='ocrx_word' id='word_1_166' title='bbox 213 1447 363 1487; x_wconf 86' lang='lat' dir='ltr'>Laurea</span> <span class='ocrx_word' id='word_1_167' title='bbox 395 1446 551 1497; x_wconf 87' lang='lat' dir='ltr'>delapsa</span> <span class='ocrx_word' id='word_1_168' title='bbox 581 1452 643 1484; x_wconf 87' lang='lat' dir='ltr'>est</span> <span class='ocrx_word' id='word_1_169' title='bbox 668 1444 799 1484; x_wconf 91' lang='lat' dir='ltr'>audito</span> <span class='ocrx_word' id='word_1_170' title='bbox 834 1445 997 1484; x_wconf 89' lang='lat' dir='ltr'>crimine</span> <span class='ocrx_word' id='word_1_171' title='bbox 1029 1445 1196 1495; x_wconf 87' lang='lat' dir='ltr'>amanti,</span> 
     </span>
    </p>

    <p class='ocr_par' dir='ltr' id='par_1_11' title="bbox 213 1502 1339 1730">
     <span class='ocr_line' id='line_1_24' title="bbox 213 1502 1308 1557; baseline -0.004 -12"><span class='ocrx_word' id='word_1_172' title='bbox 213 1506 264 1545; x_wconf 92' lang='lat' dir='ltr'>Et</span> <span class='ocrx_word' id='word_1_173' title='bbox 293 1507 441 1557; x_wconf 90' lang='lat' dir='ltr'>pariter</span> <span class='ocrx_word' id='word_1_174' title='bbox 473 1504 682 1556; x_wconf 89' lang='lat' dir='ltr'>vultusque</span> <span class='ocrx_word' id='word_1_175' title='bbox 714 1503 787 1542; x_wconf 89' lang='lat' dir='ltr'>deo</span> <span class='ocrx_word' id='word_1_176' title='bbox 817 1503 1090 1555; x_wconf 89' lang='lat' dir='ltr'>plectrumque</span> <span class='ocrx_word' id='word_1_177' title='bbox 1122 1502 1308 1553; x_wconf 91' lang='lat' dir='ltr'>colorque</span> 
     </span>
     <span class='ocr_line' id='line_1_25' title="bbox 214 1560 1318 1615; baseline -0.005 -11"><span class='ocrx_word' id='word_1_178' title='bbox 214 1564 398 1604; x_wconf 88' lang='lat' dir='ltr'>Excidit.</span> <span class='ocrx_word' id='word_1_179' title='bbox 436 1569 558 1615; x_wconf 90' lang='lat' dir='ltr'>utque</span> <span class='ocrx_word' id='word_1_180' title='bbox 591 1564 744 1602; x_wconf 90' lang='lat' dir='ltr'>animus</span> <span class='ocrx_word' id='word_1_181' title='bbox 775 1561 923 1601; x_wconf 88' lang='lat' dir='ltr'>tumida</span> <span class='ocrx_word' id='word_1_182' title='bbox 955 1560 1129 1600; x_wconf 80' lang='lat' dir='ltr'>fervebat</span> <span class='ocrx_word' id='word_1_183' title='bbox 1160 1560 1206 1599; x_wconf 90' lang='lat' dir='ltr'>ab</span> <span class='ocrx_word' id='word_1_184' title='bbox 1238 1562 1318 1612; x_wconf 87' lang='lat' dir='ltr'>ira,</span> 
     </span>
     <span class='ocr_line' id='line_1_26' title="bbox 213 1619 1339 1673; baseline -0.004 -10"><span class='ocrx_word' id='word_1_185' title='bbox 213 1625 330 1663; x_wconf 84' lang='lat' dir='ltr'>Arma</span> <span class='ocrx_word' id='word_1_186' title='bbox 361 1628 516 1662; x_wconf 90' lang='lat' dir='ltr'>assueta</span> <span class='ocrx_word' id='word_1_187' title='bbox 547 1622 650 1673; x_wconf 92' lang='lat' dir='ltr'>rapit</span> <span class='ocrx_word' id='word_1_188' title='bbox 679 1621 903 1672; x_wconf 82' lang='lat' dir='ltr'>flexumque</span> <span class='ocrx_word' id='word_1_189' title='bbox 935 1632 956 1658; x_wconf 92' lang='lat' dir='ltr'>a</span> <span class='ocrx_word' id='word_1_190' title='bbox 988 1619 1174 1661; x_wconf 87' lang='lat' dir='ltr'>cornibus</span> <span class='ocrx_word' id='word_1_191' title='bbox 1205 1631 1339 1659; x_wconf 87' lang='lat' dir='ltr'>arcum</span> 
     </span>
     <span class='ocr_line' id='line_1_27' title="bbox 214 1679 1281 1730; baseline -0.004 -9"><span class='ocrx_word' id='word_1_192' title='bbox 214 1681 358 1721; x_wconf 90' lang='lat' dir='ltr'>Tendit</span> <span class='ocrx_word' id='word_1_193' title='bbox 388 1687 428 1720; x_wconf 92' lang='lat' dir='ltr'>et</span> <span class='ocrx_word' id='word_1_194' title='bbox 458 1680 522 1720; x_wconf 90' lang='lat' dir='ltr'>illa</span> <span class='ocrx_word' id='word_1_195' title='bbox 554 1692 626 1720; x_wconf 91' lang='lat' dir='ltr'>suo</span> <span class='ocrx_word' id='word_1_196' title='bbox 658 1681 802 1719; x_wconf 87' lang='lat' dir='ltr'>totiens</span> <span class='ocrx_word' id='word_1_197' title='bbox 834 1691 924 1719; x_wconf 90' lang='lat' dir='ltr'>cum</span> <span class='ocrx_word' id='word_1_198' title='bbox 955 1684 1115 1730; x_wconf 88' lang='lat' dir='ltr'>pectore</span> <span class='ocrx_word' id='word_1_199' title='bbox 1147 1679 1281 1717; x_wconf 87' lang='lat' dir='ltr'>iuncta</span> 
     </span>
    </p>

    <p class='ocr_par' dir='ltr' id='par_1_12' title="bbox 127 1737 937 1790">
     <span class='ocr_line' id='line_1_28' title="bbox 127 1737 937 1790; baseline -0.004 -10"><span class='ocrx_word' id='word_1_200' title='bbox 127 1749 193 1780; x_wconf 85' lang='lat'>605</span> <span class='ocrx_word' id='word_1_201' title='bbox 215 1740 430 1780; x_wconf 79' lang='lat' dir='ltr'>indevitato</span> <span class='ocrx_word' id='word_1_202' title='bbox 462 1740 617 1778; x_wconf 89' lang='lat' dir='ltr'>traiecit</span> <span class='ocrx_word' id='word_1_203' title='bbox 647 1744 809 1790; x_wconf 86' lang='lat' dir='ltr'>pectora</span> <span class='ocrx_word' id='word_1_204' title='bbox 840 1737 937 1777; x_wconf 91' lang='lat' dir='ltr'>telo.</span> 
     </span>
    </p>

    <p class='ocr_par' dir='ltr' id='par_1_13' title="bbox 215 1796 1302 1907">
     <span class='ocr_line' id='line_1_29' title="bbox 215 1796 1302 1849; baseline -0.004 -11"><span class='ocrx_word' id='word_1_205' title='bbox 215 1799 295 1839; x_wconf 91' lang='lat' dir='ltr'>Icta</span> <span class='ocrx_word' id='word_1_206' title='bbox 321 1798 428 1837; x_wconf 89' lang='lat' dir='ltr'>dedit</span> <span class='ocrx_word' id='word_1_207' title='bbox 459 1798 647 1849; x_wconf 84' lang='lat' dir='ltr'>gemitum</span> <span class='ocrx_word' id='word_1_208' title='bbox 666 1829 677 1849; x_wconf 87' lang='lat'><em>,</em></span> <span class='ocrx_word' id='word_1_209' title='bbox 709 1803 914 1847; x_wconf 88' lang='lat' dir='ltr'>tractoque</span> <span class='ocrx_word' id='word_1_210' title='bbox 947 1808 967 1834; x_wconf 93' lang='lat' dir='ltr'>a</span> <span class='ocrx_word' id='word_1_211' title='bbox 999 1808 1164 1848; x_wconf 89' lang='lat' dir='ltr'>corpore</span> <span class='ocrx_word' id='word_1_212' title='bbox 1197 1796 1302 1834; x_wconf 79' lang='lat' dir='ltr'>ferro</span> 
     </span>
     <span class='ocr_line' id='line_1_30' title="bbox 215 1853 1190 1907; baseline -0.005 -10"><span class='ocrx_word' id='word_1_213' title='bbox 215 1857 385 1897; x_wconf 88' lang='lat' dir='ltr'>Candida</span> <span class='ocrx_word' id='word_1_214' title='bbox 415 1857 582 1907; x_wconf 90' lang='lat' dir='ltr'>puniceo</span> <span class='ocrx_word' id='word_1_215' title='bbox 614 1855 789 1907; x_wconf 82' lang='lat' dir='ltr'>perfudit</span> <span class='ocrx_word' id='word_1_216' title='bbox 820 1853 993 1894; x_wconf 89' lang='lat' dir='ltr'>membra</span> <span class='ocrx_word' id='word_1_217' title='bbox 1025 1866 1190 1906; x_wconf 85' lang='lat' dir='ltr'>cruore,</span> 
     </span>
    </p>

    <p class='ocr_par' dir='ltr' id='par_1_14' title="bbox 214 1911 1285 1966">
     <span class='ocr_line' id='line_1_31' title="bbox 214 1911 1285 1966; baseline -0.004 -11"><span class='ocrx_word' id='word_1_218' title='bbox 214 1915 264 1955; x_wconf 90' lang='lat' dir='ltr'>Et</span> <span class='ocrx_word' id='word_1_219' title='bbox 295 1915 393 1955; x_wconf 86' lang='lat' dir='ltr'>dixit</span> <span class='ocrx_word' id='word_1_220' title='bbox 423 1911 549 1966; x_wconf 73' lang='lat' dir='ltr'>‘potui</span> <span class='ocrx_word' id='word_1_221' title='bbox 579 1926 725 1966; x_wconf 90' lang='lat' dir='ltr'>poenas</span> <span class='ocrx_word' id='word_1_222' title='bbox 757 1913 828 1952; x_wconf 91' lang='lat' dir='ltr'>tihi</span> <span class='ocrx_word' id='word_1_223' title='bbox 847 1945 858 1966; x_wconf 90' lang='lat'><em>,</em></span> <span class='ocrx_word' id='word_1_224' title='bbox 888 1912 1045 1952; x_wconf 89' lang='lat' dir='ltr'>Phoebe</span> <span class='ocrx_word' id='word_1_225' title='bbox 1064 1945 1076 1965; x_wconf 87' lang='lat'><em>,</em></span> <span class='ocrx_word' id='word_1_226' title='bbox 1106 1913 1285 1965; x_wconf 88' lang='lat' dir='ltr'>dedisse,</span> 
     </span>
    </p>

    <p class='ocr_par' dir='ltr' id='par_1_15' title="bbox 217 1967 1436 2026">
     <span class='ocr_line' id='line_1_32' title="bbox 217 1967 1436 2026; baseline -0.002 -13"><span class='ocrx_word' id='word_1_227' title='bbox 217 1974 293 2013; x_wconf 91' lang='lat' dir='ltr'>Sed</span> <span class='ocrx_word' id='word_1_228' title='bbox 324 1974 527 2026; x_wconf 88' lang='lat' dir='ltr'>peperisse</span> <span class='ocrx_word' id='word_1_229' title='bbox 558 1974 669 2025; x_wconf 89' lang='lat' dir='ltr'>prius</span> <span class='ocrx_word' id='word_1_230' title='bbox 689 2003 698 2012; x_wconf 92' lang='lat'><strong>.</strong></span> <span class='ocrx_word' id='word_1_231' title='bbox 736 1971 813 2011; x_wconf 90' lang='lat' dir='ltr'>duo</span> <span class='ocrx_word' id='word_1_232' title='bbox 852 1983 957 2011; x_wconf 89' lang='lat' dir='ltr'>nunc</span> <span class='ocrx_word' id='word_1_233' title='bbox 994 1973 1211 2010; x_wconf 89' lang='lat' dir='ltr'>moriemur</span> <span class='ocrx_word' id='word_1_234' title='bbox 1249 1973 1291 2010; x_wconf 92' lang='lat' dir='ltr'>in</span> <span class='ocrx_word' id='word_1_235' title='bbox 1323 1982 1399 2011; x_wconf 88' lang='lat' dir='ltr'>una</span> <span class='ocrx_word' id='word_1_236' title='bbox 1413 1967 1436 2010; x_wconf 94' lang='lat'>.’</span> 
     </span>
    </p>

    <p class='ocr_par' dir='ltr' id='par_1_16' title="bbox 127 2029 1360 2200">
     <span class='ocr_line' id='line_1_33' title="bbox 127 2029 1337 2085; baseline -0.002 -14"><span class='ocrx_word' id='word_1_237' title='bbox 127 2042 196 2073; x_wconf 75' lang='grc'>610</span> <span class='ocrx_word' id='word_1_238' title='bbox 216 2032 415 2072; x_wconf 89' lang='lat' dir='ltr'>Hactenus</span> <span class='ocrx_word' id='word_1_239' title='bbox 434 2063 446 2085; x_wconf 87' lang='lat'><em>,</em></span> <span class='ocrx_word' id='word_1_240' title='bbox 477 2037 517 2070; x_wconf 89' lang='lat' dir='ltr'>et</span> <span class='ocrx_word' id='word_1_241' title='bbox 546 2032 695 2083; x_wconf 88' lang='lat' dir='ltr'>pariter</span> <span class='ocrx_word' id='word_1_242' title='bbox 725 2033 842 2070; x_wconf 86' lang='lat' dir='ltr'>vitam</span> <span class='ocrx_word' id='word_1_243' title='bbox 874 2042 964 2070; x_wconf 91' lang='lat' dir='ltr'>cum</span> <span class='ocrx_word' id='word_1_244' title='bbox 995 2032 1183 2082; x_wconf 88' lang='lat' dir='ltr'>sanguine</span> <span class='ocrx_word' id='word_1_245' title='bbox 1215 2029 1337 2069; x_wconf 87' lang='lat' dir='ltr'>fudit.</span> 
     </span>
     <span class='ocr_line' id='line_1_34' title="bbox 217 2087 1360 2143; baseline -0.003 -13"><span class='ocrx_word' id='word_1_246' title='bbox 217 2090 390 2143; x_wconf 90' lang='lat' dir='ltr'>[Corpus</span> <span class='ocrx_word' id='word_1_247' title='bbox 422 2092 537 2130; x_wconf 88' lang='lat' dir='ltr'>inane</span> <span class='ocrx_word' id='word_1_248' title='bbox 569 2091 718 2130; x_wconf 90' lang='lat' dir='ltr'>animae</span> <span class='ocrx_word' id='word_1_249' title='bbox 750 2089 874 2140; x_wconf 85' lang='lat' dir='ltr'>frigus</span> <span class='ocrx_word' id='word_1_250' title='bbox 906 2088 1020 2128; x_wconf 90' lang='lat' dir='ltr'>letale</span> <span class='ocrx_word' id='word_1_251' title='bbox 1052 2094 1232 2128; x_wconf 87' lang='lat' dir='ltr'>secutum</span> <span class='ocrx_word' id='word_1_252' title='bbox 1259 2094 1320 2128; x_wconf 88' lang='lat' dir='ltr'>est</span> <span class='ocrx_word' id='word_1_253' title='bbox 1333 2087 1360 2139; x_wconf 94' lang='lat'>.]</span> 
     </span>
     <span class='ocr_line' id='line_1_35' title="bbox 216 2147 1255 2200; baseline -0.002 -12"><span class='ocrx_word' id='word_1_254' title='bbox 216 2149 395 2189; x_wconf 83' lang='lat' dir='ltr'>Paenitet</span> <span class='ocrx_word' id='word_1_255' title='bbox 425 2148 503 2189; x_wconf 90' lang='lat' dir='ltr'>heu</span> <span class='ocrx_word' id='word_1_256' title='bbox 535 2160 624 2189; x_wconf 89' lang='lat' dir='ltr'>sero</span> <span class='ocrx_word' id='word_1_257' title='bbox 655 2159 804 2200; x_wconf 91' lang='lat' dir='ltr'>poenae</span> <span class='ocrx_word' id='word_1_258' title='bbox 836 2147 1007 2187; x_wconf 89' lang='lat' dir='ltr'>crudelis</span> <span class='ocrx_word' id='word_1_259' title='bbox 1039 2153 1255 2199; x_wconf 90' lang='lat' dir='ltr'>amantem,</span> 
     </span>
    </p>

    <p class='ocr_par' dir='ltr' id='par_1_17' title="bbox 73 2205 1391 2376">
     <span class='ocr_line' id='line_1_36' title="bbox 219 2205 1350 2260; baseline -0.001 -14"><span class='ocrx_word' id='word_1_260' title='bbox 219 2207 347 2258; x_wconf 90' lang='lat' dir='ltr'>Seque</span> <span class='ocrx_word' id='word_1_261' title='bbox 367 2239 378 2260; x_wconf 89' lang='lat'><em>,</em></span> <span class='ocrx_word' id='word_1_262' title='bbox 410 2207 515 2258; x_wconf 91' lang='lat' dir='ltr'>quod</span> <span class='ocrx_word' id='word_1_263' title='bbox 548 2207 744 2260; x_wconf 88' lang='lat' dir='ltr'>audierit,</span> <span class='ocrx_word' id='word_1_264' title='bbox 771 2205 875 2258; x_wconf 91' lang='lat' dir='ltr'>quod</span> <span class='ocrx_word' id='word_1_265' title='bbox 906 2207 963 2245; x_wconf 90' lang='lat' dir='ltr'>sic</span> <span class='ocrx_word' id='word_1_266' title='bbox 995 2207 1215 2258; x_wconf 87' lang='lat' dir='ltr'>exarserit,</span> <span class='ocrx_word' id='word_1_267' title='bbox 1246 2205 1350 2245; x_wconf 89' lang='lat' dir='ltr'>odit:</span> 
     </span>
     <span class='ocr_line' id='line_1_37' title="bbox 73 2263 1363 2318; baseline -0.002 -13"><span class='ocrx_word' id='word_1_268' title='bbox 73 2310 79 2316; x_wconf 33' lang='lat'>⁸</span> <span class='ocrx_word' id='word_1_269' title='bbox 218 2265 310 2305; x_wconf 90' lang='lat' dir='ltr'>Odit</span> <span class='ocrx_word' id='word_1_270' title='bbox 342 2277 451 2305; x_wconf 84' lang='lat' dir='ltr'>avem</span> <span class='ocrx_word' id='word_1_271' title='bbox 470 2297 482 2318; x_wconf 87' lang='lat'><em>‚</em></span> <span class='ocrx_word' id='word_1_272' title='bbox 513 2278 585 2317; x_wconf 88' lang='lat' dir='ltr'>per</span> <span class='ocrx_word' id='word_1_273' title='bbox 617 2277 734 2317; x_wconf 90' lang='lat' dir='ltr'>quam</span> <span class='ocrx_word' id='word_1_274' title='bbox 759 2266 908 2304; x_wconf 89' lang='lat' dir='ltr'>crimen</span> <span class='ocrx_word' id='word_1_275' title='bbox 941 2276 1175 2316; x_wconf 88' lang='lat' dir='ltr'>causamque</span> <span class='ocrx_word' id='word_1_276' title='bbox 1207 2263 1363 2303; x_wconf 91' lang='lat' dir='ltr'>dolendi</span> 
     </span>
     <span class='ocr_line' id='line_1_38' title="bbox 129 2324 1391 2376; baseline -0.002 -12"><span class='ocrx_word' id='word_1_277' title='bbox 129 2332 196 2365; x_wconf 85' lang='lat'>615</span> <span class='ocrx_word' id='word_1_278' title='bbox 218 2324 329 2364; x_wconf 87' lang='lat' dir='ltr'>Scire</span> <span class='ocrx_word' id='word_1_279' title='bbox 362 2330 520 2364; x_wconf 89' lang='lat' dir='ltr'>coactus</span> <span class='ocrx_word' id='word_1_280' title='bbox 552 2332 665 2376; x_wconf 88' lang='lat' dir='ltr'>erat,</span> <span class='ocrx_word' id='word_1_281' title='bbox 696 2335 769 2364; x_wconf 89' lang='lat' dir='ltr'>nec</span> <span class='ocrx_word' id='word_1_282' title='bbox 801 2335 880 2363; x_wconf 90' lang='lat' dir='ltr'>non</span> <span class='ocrx_word' id='word_1_283' title='bbox 911 2335 1124 2375; x_wconf 90' lang='lat' dir='ltr'>arcumque</span> <span class='ocrx_word' id='word_1_284' title='bbox 1155 2333 1391 2374; x_wconf 85' lang='lat' dir='ltr'>manumque</span> 
     </span>
    </p>
   </div>
  </div>
 </body>
</html>
