1554 2563
669 110 719 146 IV
732 138 742 155 ‚
768 115 947 146 62—134.
1066 124 1132 145 rra
1146 137 1153 145 .
1180 124 1304 145 'rmsmz
1422 109 1479 151 69

256 220 379 266 Quam
413 221 552 272 procul
584 221 630 261 ad
662 221 776 261 lunae
809 222 938 261 radios
969 221 1179 273 Babylonia
1204 220 1350 260 Thisbe

173 287 236 318 100
255 279 387 331 Vidit,
420 287 458 319 et
490 280 703 319 obscurum
734 280 886 332 trepido
918 280 1017 331 pede
1050 281 1150 332 sugit
1180 281 1219 319 in
1252 286 1432 330 antrum,

255 338 434 389 Dumque
467 340 566 390 fugit
585 372 595 390 ‚
629 346 737 390 tergo
769 339 959 378 velamina
989 339 1094 391 lapsa
1125 338 1308 389 reliquit.

255 396 304 436 Ut
336 397 394 435 lea
426 410 538 436 saeva
570 400 676 437 sitim
708 397 829 437 multa
861 399 1102 449 compescuit
1134 398 1263 450 unda,

256 455 356 494 Dum
389 457 490 494 redit
521 458 560 495 in
593 457 738 509 silvas,
768 459 949 495 inventos
981 457 1082 496 sorte
1115 458 1199 495 sine
1229 457 1313 508 ipsa

255 514 332 553 Ore
366 522 569 554 cruentato
603 522 743 554 tenues
774 515 932 554 laniavit
961 517 1148 554 amictus.

168 581 233 612 105
256 573 392 612 Serius
426 587 609 624 egressus
641 576 802 625 vestigia
834 574 929 613 vidit
959 576 999 613 in
1032 574 1108 613 alto

253 632 418 671 Pulvere
452 640 557 672 certa
591 634 726 686 serae,
757 639 919 684 totoque
953 633 1139 685 expalluit
1170 645 1238 671 ore

253 691 471 742 Pyramus.
508 698 553 730 ut
589 704 682 731 vero
714 699 862 731 vestem
895 704 1052 743 quoque
1090 693 1280 742 sanguine
1317 690 1477 730 tinctam

253 749 471 803 Repperit,
505 747 612 789 “una
645 747 760 789 duos’
791 753 921 801 inquit
952 748 1044 790 ‘nox
1076 750 1215 802 perdet
1245 756 1442 788 amantes:

252 807 283 847 E
316 809 459 860 quibus
491 809 553 848 illa
587 810 660 848 fuit
692 810 805 861 longa
837 810 1063 860 dignissima
1094 811 1195 860 vita,

167 875 233 906 110
254 867 392 906 Nostra
415 881 561 907 nocens
582 870 708 907 anima
729 875 790 907 est
809 900 817 907 .
851 880 921 919 ego
943 876 980 907 te
999 900 1010 919 ‚
1042 866 1261 907 miseranda
1275 899 1286 919 ,
1305 867 1479 920 peremi,

252 926 294 965 ln
327 927 410 965 loca
443 927 555 978 plena
589 934 717 966 metus
749 928 816 978 qui
848 928 945 965 iussi
977 934 1092 965 nocte
1123 928 1323 978 venires,¹

253 985 333 1024 Nec
360 987 468 1036 prior
500 986 577 1024 huc
609 988 698 1025 veni
718 1017 726 1025 .
765 991 945 1024 nostrum
976 985 1146 1039 divellite
1179 996 1349 1036 corpus,

253 1043 303 1082 Et
335 1044 522 1083 scelerata
556 1046 638 1084 sero
672 1046 890 1084 consumite
922 1046 1073 1083 viscera
1104 1038 1262 1095 morsu,

256 1102 287 1141 Ο
321 1105 560 1153 quicumque
592 1102 665 1142 suh
697 1103 768 1142 hac
800 1103 982 1142 habitatis
1014 1115 1112 1155 rupe
1132 1134 1143 1154 ,
1168 1096 1331 1141 leones.

167 1168 232 1200 115
254 1161 329 1200 Sed
364 1162 487 1200 timidi
521 1169 581 1201 est
613 1170 747 1213 optare
779 1158 948 1201 necem’'
982 1183 1037 1190 -
1068 1161 1258 1200 velamina
1289 1159 1455 1199 Thisbes

252 1220 398 1271 Tollit,
431 1228 470 1259 et
501 1220 546 1259 ad
579 1227 714 1272 pactae
747 1233 882 1260 secum
914 1221 991 1259 sert
1023 1220 1173 1259 arboris
1206 1219 1407 1258 umbram.

253 1277 380 1329 thue
413 1279 520 1318 dedit
553 1286 665 1318 notae
698 1279 876 1318 lacrimas
896 1311 907 1331 7
939 1279 1046 1326 dedit
1077 1279 1209 1318 oscula
1241 1279 1364 1330 vesti,

254 1333 428 1389 “Accipe
461 1335 581 1377 nunc'
619 1339 750 1389 inquit
781 1335 922 1377 ‘nostri
960 1350 1116 1389 quoque
1155 1338 1356 1389 sanguinis

1261 1398 1423 1434 haustus
1437 1390 1478 1434 !²’

252 1455 417 1506 Quoque
449 1468 535 1495 erat
565 1458 764 1495 accinctus
784 1487 795 1508 ‚
827 1455 983 1495 demisit
1013 1457 1053 1494 in
1086 1456 1149 1494 ilia
1180 1456 1355 1506 serrum,

165 1521 232 1553 120
252 1513 332 1553 Nec
364 1527 501 1566 mora,
535 1515 701 1553 ferventi
734 1516 905 1553 moriens
939 1526 958 1552 e
992 1513 1152 1552 vulnere
1185 1514 1324 1552 traxit.

255 1572 301 1611 Ut
335 1575 452 1611 iacuit
479 1575 689 1624 resupinus
721 1573 839 1612 humo
859 1604 870 1624 ‚
898 1584 1016 1611 cruor
1049 1574 1189 1611 emicat
1220 1571 1318 1612 alte:

252 1631 339 1670 Non
373 1632 483 1670 aliter
503 1663 514 1684 ,
547 1644 661 1682 quam
695 1644 784 1670 cum
817 1633 949 1670 vitiato
981 1631 1109 1669 fistula
1141 1629 1301 1682 plumbo

255 1691 455 1729 Scinditur
474 1722 486 1743 ‚
517 1697 557 1729 et
589 1692 696 1729 tenui
723 1690 914 1729 stridente
946 1690 1135 1728 foramine
1167 1689 1302 1740 longas

254 1749 476 1788 Eiaculatur
508 1761 627 1800 aquas
658 1757 775 1800 atque
805 1748 949 1792 ictibus
981 1752 1070 1787 aera
1101 1749 1270 1799 rumpit.

167 1814 231 1846 125
251 1807 414 1847 Arborei
448 1808 552 1847 fetus
583 1809 789 1859 aspergine
822 1807 950 1846 caedis
982 1808 1021 1845 in
1055 1813 1176 1846 atram

251 1866 468 1906 Vertuntur
501 1867 640 1905 faciem
660 1897 668 1905 .
709 1865 1019 1916 [madefactaque
1052 1867 1241 1917 sanguine
1273 1865 1380 1904 radix

251 1925 424 1965 Puniceo
458 1927 601 1977 tinguit
631 1925 843 1976 pendentia
873 1936 983 1963 mora
1014 1924 1145 1963 colore
1159 1923 1187 1974 .]

250 1984 352 2023 Ecce
385 1991 491 2023 metu
523 1984 698 2023 nondum
729 1985 856 2035 posito
875 2015 887 2036 ‚
917 1995 966 2022 ne
999 1983 1104 2021 fallat
1135 1989 1352 2034 amantem,

251 2043 316 2082 llla
349 2043 480 2096 redit,
511 2044 770 2092 iuvenemque
803 2041 926 2080 oculis
958 2043 1167 2092 animoque
1199 2042 1389 2093 requirit,

166 2108 233 2141 130
254 2102 484 2152 Quantaque
517 2103 648 2140 vitarit
679 2113 838 2140 narrare
871 2100 1045 2152 pericula
1077 2101 1216 2152 gestit.

252 2160 381 2211 thue
414 2161 543 2198 locum
576 2167 614 2199 et
646 2162 757 2210 rigua
796 2161 999 2210 cognoscit
1035 2160 1076 2197 in
1115 2158 1255 2198 arbore
1287 2159 1478 2212 sormamz

253 2219 317 2258 Sic
351 2220 440 2258 facit
471 2222 660 2257 incertam
688 2219 791 2269 pomi
824 2218 932 2257 color
951 2248 960 2257 .
998 2217 1163 2270 haeret,
1194 2229 1242 2256 an
1272 2216 1370 2256 haec
1402 2218 1475 2256 sit.

251 2277 349 2316 Dum
382 2277 533 2315 dubitat
552 2308 562 2328 ,
594 2276 851 2330 &QQssda
883 2275 988 2314 videt
1017 2276 1175 2328 pulsare
1207 2282 1416 2315 cruentum

251 2336 421 2374 Membra
454 2337 579 2374 solum
599 2367 610 2383 ,
640 2343 827 2386 retroque
865 2335 1005 2386 pedem
1042 2334 1160 2386 tulit,
1191 2346 1338 2386 oraque
1370 2334 1473 2374 buxo
