1554 2563
121 107 178 150 82
353 119 488 141 caman-s
669 103 883 139 METAMM
895 131 903 137 .

241 217 438 268 Nigraque
469 214 660 254 caeruleis
692 215 832 253 variari
864 225 1030 265 corpora
1061 214 1206 264 guttis:

241 275 284 314 In
317 280 535 326 pectusque
568 273 670 313 cadit
700 284 849 324 pronus
868 303 879 325 ,
911 273 1196 322 commissaque
1227 271 1268 310 in
1299 282 1421 309 unum

153 342 220 373 580
241 333 431 372 Paulatim
463 333 579 371 tereti
611 337 823 371 tenuantur
855 332 1033 370 acumine
1066 341 1205 369 crura.

242 391 428 431 Bracchia
459 392 535 430 iam
566 395 744 430 restant.
783 401 882 441 quae
901 394 1079 442 restant,
1112 387 1294 427 bracchia
1320 386 1467 439 tendit,

245 450 293 489 Et
325 450 495 490 lacrimis
527 461 598 501 per
631 448 756 488 adhuc
788 448 957 487 humana
988 446 1202 487 fluentibus
1235 458 1303 485 ora

245 507 412 548 ‘Accede
430 539 442 561 ‚
475 520 496 546 o
530 509 699 547 coniunx
719 538 730 560 ‚
762 505 902 546 accede
922 537 933 558 ,
965 506 1183 545 miserrima
1203 501 1228 558 ,'
1261 504 1357 543 dixit

245 565 439 618 ‘Dumque
472 566 617 618 aliquid
651 571 833 617 superest
865 565 911 604 de
945 576 1006 603 me
1025 596 1036 617 ,
1068 576 1129 603 me
1161 570 1305 615 tange,

1235 632 1470 672 manumque

157 693 223 724 585
245 687 388 736 Accipe
407 716 418 736 ,
450 684 543 723 dum
576 695 713 723 manus
746 690 834 734 est,
867 682 959 721 dum
992 694 1069 720 non
1102 687 1227 720 totum
1259 686 1425 731 occupat

1292 739 1430 790 anguis
1445 734 1470 777 .'

246 802 313 841 1116
348 801 506 853 quidem
538 800 620 841 vult
649 800 763 852 plura
794 799 931 852 loqui,
963 799 1031 838 sed
1063 799 1195 850 lingua
1225 802 1389 850 repente

246 861 289 900 In
320 865 452 912 partes
485 865 544 899 est
575 860 664 898 fissa
697 858 822 898 duas:
854 870 927 897 nec
958 856 1076 897 verba
1108 857 1284 909 loquenti

248 919 460 959 Sufficiunt
478 950 489 971 ,
521 920 783 970 quotiensque
816 916 966 968 aliquos
998 921 1109 968 parat
1140 915 1257 956 edere
1284 920 1472 967 questus,

247 977 412 1017 Sibilat:
443 977 544 1016 hanc
575 976 630 1016 illi
661 987 796 1015 vocem
828 981 966 1014 natura
998 975 1179 1026 reliquit.
1322 981 1348 1008 f.
1368 980 1470 1007 xlviii-

158 1045 226 1077 590
246 1036 358 1076 Nuda
389 1048 506 1075 manu
540 1036 686 1074 seriens
719 1033 907 1074 exclamat
937 1040 1098 1085 pectora
1125 1034 1294 1072 coniunx

248 1092 405 1134 ‘Cadme
425 1127 436 1147 ‚
468 1106 580 1133 mane
599 1125 611 1146 ‚
643 1098 760 1144 teque
779 1125 790 1146 ‚
828 1091 962 1131 infelix
982 1123 993 1145 ,
1024 1091 1084 1131 his
1125 1103 1224 1131 exue
1262 1089 1472 1130 monstris!

249 1153 391 1193 Cadme
410 1184 421 1205 ‚
454 1152 546 1203 quid
578 1152 652 1190 hoc
672 1149 693 1190 *Ρ
725 1150 791 1190 ubi
823 1163 893 1202 pes
913 1148 934 1189 Ῥ
965 1149 1032 1190 ubi
1062 1156 1154 1190 sunt
1179 1152 1384 1201 umerique

1257 1219 1472 1259 manusque

253 1271 302 1310 Et
335 1270 441 1310 color
474 1276 513 1309 et
545 1270 663 1308 facies
697 1275 735 1308 et
766 1268 858 1307 dum
890 1268 1059 1320 loquor,
1092 1269 1219 1306 omnia
1238 1264 1260 1306 ‘?
1291 1279 1363 1306 cur
1394 1278 1472 1305 non

249 1329 309 1368 Mc
341 1341 528 1381 quoque,
560 1327 778 1380 caelestes,
809 1328 849 1366 in
881 1326 1044 1365 eandem
1083 1327 1233 1365 vertitis
1273 1322 1474 1377 anguem?

162 1396 229 1428 595
251 1388 437 1428 Dixerat.
474 1386 538 1426 ille
571 1398 664 1426 suae
696 1384 891 1425 lambebat
916 1386 1093 1436 coniugis
1125 1397 1215 1437 ora,

249 1447 371 1498 Inque
403 1447 514 1485 sinus
546 1457 686 1497 caros,
712 1444 834 1483 veluti
865 1449 1150 1496 cognosceret,
1182 1443 1284 1496 ibat,

253 1505 303 1544 Et
334 1504 449 1544 dabat
475 1504 674 1556 amplexus
693 1535 704 1556 ‚
736 1507 968 1553 assuetaque
1001 1501 1097 1541 colla
1129 1501 1310 1553 petebat.

251 1564 438 1614 Quisquis
459 1562 568 1602 adest
588 1584 643 1590 --
664 1561 825 1601 aderant
853 1562 1016 1600 comites
1037 1582 1092 1588 —
1114 1566 1310 1600 terretur:
1342 1567 1379 1599 at
1412 1559 1474 1598 illa

252 1622 419 1661 Lubrica
450 1620 670 1674 permulcet
701 1621 851 1660 cristati
882 1619 980 1658 colla
1011 1619 1216 1672 draconis3

163 1689 231 1722 600
251 1681 302 1720 Et
332 1680 462 1720 subito
495 1679 571 1719 duo
604 1684 697 1719 sunt
727 1680 940 1730 iunctoque
972 1677 1167 1717 volumine
1200 1683 1388 1730 serpunt,

252 1739 383 1778 Donec
414 1740 455 1777 in
486 1739 654 1790 appositi
685 1738 858 1781 nemoris
890 1735 1046 1776 subiere
1078 1735 1268 1775 latebras.

252 1797 365 1837 Nunc
398 1808 555 1847 quoque
588 1807 660 1835 nec
694 1796 848 1846 fugiunt
879 1795 1077 1833 hominem
1096 1826 1107 1847 ‚
1139 1806 1212 1834 nec
1244 1794 1405 1834 vulnere

1294 1852 1476 1905 laedunt,

254 1914 433 1966 Quidque
473 1914 582 1964 prius
621 1913 798 1964 suerint,
829 1912 969 1963 placidi
1011 1912 1224 1951 meminere
1262 1910 1475 1951 dracones.

313 1972 390 2012 Sed
422 1978 552 2011 tamen
584 1970 773 2010 ambobus
800 1982 934 2009 versae
967 1969 1108 2009 solacia
1141 1970 1287 2009 formae

164 2039 231 2071 605
251 2031 388 2082 Magna
420 2042 542 2081 nepos
575 2030 703 2070 suerat
721 2061 732 2083 ,
765 2040 881 2080 quem
913 2028 1103 2067 debellata
1136 2028 1287 2067 colebat

253 2089 361 2128 India
380 2121 391 2142 ,
423 2100 541 2140 quem
571 2089 709 2140 positis
742 2086 964 2126 celebrabat
993 2086 1137 2126 Achaia
1168 2086 1346 2139 templis.

255 2147 370 2187 Solus
403 2146 637 2186 Abantiades
669 2145 716 2185 ab
749 2146 899 2197 origine
931 2152 1064 2185 cretus
1097 2144 1231 2185 eadem

254 2206 428 2245 Acrisius
462 2211 672 2257 superest,
705 2205 771 2256 qui
803 2203 1009 2243 moenibus
1041 2209 1172 2243 arceat
1202 2203 1311 2243 urbis

254 2264 454 2315 Argolicae
473 2295 485 2316 ‚
517 2269 731 2314 contraque
765 2262 881 2302 deum
913 2262 1012 2301 ferat
1043 2274 1149 2301 arma
1167 2294 1178 2315 ,
1210 2273 1411 2314 genusque

166 2331 234 2363 810
254 2321 340 2361 Non
372 2327 484 2375 putet
515 2333 601 2361 esse
633 2321 761 2361 Iovis.
801 2332 928 2373 neque
956 2321 1059 2360 enim
1089 2320 1190 2360 Iovis
1211 2332 1297 2360 esse
1316 2319 1477 2372 putabat
