1554 2563
167 73 252 116 258
443 85 526 109 A1Ax
719 73 932 109 METAMM
948 103 956 110 .

285 184 327 223 ln
361 183 508 223 Danaas
542 184 714 224 classes.
753 184 821 224 ubi
853 197 957 223 nunc
991 185 1181 224 facundus
1215 182 1380 224 Ulixes?

285 242 432 294 Nempe
465 255 537 294 ego
569 242 672 282 mille
705 255 791 282 meo
824 244 977 294 protexi
1007 248 1167 295 pectore
1198 256 1375 297 puppes,

286 301 405 353 Spem
436 303 557 341 vestri
588 303 767 342 reditus.
807 301 893 340 date
928 307 984 341 tot
1014 314 1086 353 pro
1118 301 1281 341 navibus
1313 314 1443 342 arma.

220 367 264 399 95
286 360 399 406 Quod
431 362 465 399 si
495 373 586 399 vera
618 361 709 400 licet
740 360 835 399 mihi
867 360 998 399 dicere
1017 392 1028 412 ,
1060 362 1263 411 quaeritur
1294 363 1403 413 istis,

286 418 411 464 Quam
442 418 537 458 mihi
557 451 568 472 ,
599 421 723 458 maior
754 419 879 457 honos
898 451 909 471 ,
941 420 1226 470 coniunctaque
1259 419 1380 471 gloria

1261 484 1394 517 nostra
1427 484 1510 531 est,

285 536 411 587 Atque
443 537 536 576 Aiax
569 539 716 589 armis,
749 548 826 575 non
858 538 964 576 Aiaci
997 548 1101 575 arma
1133 542 1344 588 petuntur.

287 594 472 635 Conferat
501 595 562 635 his
594 595 749 634 Ithacus
781 595 956 634 Rhesum
988 594 1249 646 inbellemque
1282 595 1428 634 Dolona

285 653 586 706 Priamidenque
618 653 810 693 Helenum
842 660 951 705 rapta
984 666 1074 693 cum
1105 653 1259 693 Pallade
1291 661 1471 706 captum..

198 719 266 752 100
285 711 390 752 Luce
423 712 519 751 nihil
550 718 704 764 gestum
722 744 733 765 ‚
759 712 854 751 nihil
886 717 946 751 est
977 712 1162 751 Diomede
1195 719 1368 752 remoto.

287 770 328 810 Si
360 771 481 810 semel
512 773 586 810 ista
618 771 718 810 datis
750 772 901 810 meritis
932 776 1011 810 tam
1042 770 1183 810 vilibus
1215 783 1345 823 arma,

285 828 451 869 Dividite
471 862 482 882 ‚
516 836 556 869 et
586 842 677 881 pars
710 831 759 869 sit
791 831 913 868 maior
946 829 1142 869 Diomedis
1174 831 1215 868 in
1246 829 1344 869 illis.

286 887 371 934 Quo
404 894 533 928 tamen
564 889 661 928 haec
693 888 824 927 Ithaco
844 885 865 927 Ῥ
897 889 964 939 qui
997 888 1095 927 clam
1112 920 1124 942 ‚
1156 889 1223 940 qui
1255 901 1410 940 semper

1349 959 1514 987 inermis

285 1005 382 1045 Rem
414 1008 515 1058 gerit
546 1012 586 1046 et
618 1007 733 1046 furtis
765 1008 967 1045 incautum
999 1006 1145 1058 decipit
1176 1003 1365 1045 hostem?

199 1071 264 1103 105
285 1064 372 1115 Ipse
405 1067 509 1104 nitor
541 1065 670 1116 galeae
703 1065 807 1104 claro
839 1065 1025 1103 radiantis
1058 1064 1104 1103 ab
1137 1076 1233 1104 auro

285 1122 449 1162 Insidias
481 1123 622 1175 prodet
653 1123 995 1174 manifestabitque
1029 1123 1236 1163 latentem.

287 1180 363 1220 Sed
396 1194 524 1233 neque
556 1181 759 1221 Dulichius
791 1181 864 1221 sub
897 1182 1056 1220 Achillis
1088 1181 1237 1221 casside
1270 1187 1403 1221 vertex

285 1238 463 1279 Pondera
495 1245 601 1279 tanta
633 1241 761 1292 feret,
794 1252 866 1279 nec
898 1252 976 1278 non
1008 1252 1173 1279 onerosa
1205 1242 1411 1292 gravisque

198 1305 264 1337 109
284 1297 410 1337 Pelias
442 1299 552 1338 hasta
582 1304 713 1350 potest
743 1298 952 1337 inbellibus
985 1311 1069 1337 esse
1102 1299 1281 1352 lacertis,

215 1377 270 1383 —
290 1355 371 1395 Nec
404 1357 552 1408 clipeus
584 1359 681 1396 vasti
713 1363 922 1396 concretus
953 1358 1119 1408 imagine
1152 1357 1288 1396 mundi

287 1414 501 1454 Conveniet
532 1416 688 1454 timidae
721 1421 912 1466 nataeque
947 1416 994 1454 ad
1026 1416 1130 1454 furta
1162 1417 1367 1455 sinistrae.

285 1472 587 1513 Debilitaturum
619 1474 712 1525 quid
743 1479 782 1513 te
813 1476 914 1525 petis
932 1505 944 1526 ,
975 1474 1182 1527 improbe,
1214 1471 1393 1513 munus?

286 1532 398 1578 Quod
430 1532 501 1571 tibi
533 1534 566 1572 si
597 1532 731 1585 populi
764 1532 965 1572 donaverit
996 1545 1109 1572 error
1135 1532 1292 1586 Achivi,

286 1590 364 1630 Cur
397 1591 577 1643 spolieris
598 1623 610 1644 ,
641 1593 745 1643 erit,
777 1603 855 1630 non
889 1603 960 1630 cur
991 1593 1178 1630 metuaris
1211 1590 1258 1630 ab
1291 1591 1428 1644 hoste3

197 1656 264 1688 115
284 1649 335 1689 Et
365 1650 455 1702 fuga
473 1682 485 1703 ,
517 1661 593 1701 qua
624 1650 705 1689 sola
736 1655 899 1689 cunctos
918 1681 929 1702 ‚
961 1650 1236 1702 timidissime,
1267 1651 1414 1702 vincis,

285 1708 411 1747 Tarda
443 1709 575 1748 futura
606 1708 678 1748 tibi
709 1714 769 1747 est
799 1709 1013 1759 gestamina
1045 1714 1149 1748 tanta
1181 1708 1373 1748 trahenti.

285 1766 392 1805 Adde
425 1768 529 1818 quod
560 1768 635 1806 iste
666 1772 787 1819 tuus,
819 1772 897 1806 tam
929 1779 1018 1806 raro
1050 1767 1199 1818 proelia
1229 1779 1392 1819 passuS,

286 1825 442 1877 Integer
473 1831 534 1865 est
565 1825 743 1877 clipeus:
775 1831 909 1864 nostro
927 1857 938 1877 ‚
971 1826 1038 1876 qui
1070 1825 1145 1864 tela
1176 1825 1338 1864 ferendo

285 1883 387 1923 Mille
419 1889 527 1936 patet
556 1884 679 1935 plagis
698 1915 709 1936 ,
741 1896 864 1922 novus
896 1888 957 1923 est
987 1896 1193 1923 successor
1224 1883 1449 1923 habendus.

199 1949 265 1981 120
286 1941 462 1994 Denique
481 1975 492 1995 ‚
525 1943 617 1993 quid
649 1942 779 1982 verbis
811 1954 909 1994 opus
942 1939 1041 1981 est‘?
1072 1947 1297 1994 spectemur
1336 1939 1508 1994 agendo!

285 2000 402 2040 Arma
432 2002 506 2040 viri
538 2002 650 2040 fortis
683 2000 832 2040 medios
864 2002 1071 2039 mittantur
1102 2002 1143 2039 in
1174 2000 1332 2040 hostes:

287 2058 380 2098 lnde
412 2058 544 2098 iubete
576 2061 657 2111 peti
688 2065 728 2098 et
758 2060 995 2098 referentem
1027 2064 1163 2098 ornate
1195 2058 1327 2097 relatis
1342 2055 1367 2098 .'

344 2117 517 2156 Finierat
548 2117 756 2157 Telamone
790 2123 926 2169 satus3
956 2116 1138 2167 vulgique
1170 2123 1350 2156 secutum

286 2175 427 2215 Ultima
459 2188 638 2215 murmur
663 2176 780 2215 erat.
820 2176 944 2215 donec
975 2174 1153 2214 Laertius
1185 2175 1302 2214 heros

201 2240 266 2272 125
287 2234 447 2286 Astitit,
479 2240 595 2285 atque
628 2234 761 2273 oculos
794 2234 952 2285 paulum
983 2233 1122 2273 tellure
1155 2239 1326 2273 moratos

288 2291 455 2331 Sustulit
487 2293 533 2331 ad
564 2304 749 2344 proceres
769 2324 780 2343 ‚
811 2297 1094 2344 expectatoque
1126 2291 1286 2331 resolvit
