1554 2563
142 101 226 143 296
306 113 500 137 molummis:
525 113 611 135 aves
694 99 905 134 METAMM
920 127 927 135 .

261 211 368 250 Dicta
399 210 554 261 placent
585 210 720 260 paucis
739 240 748 248 .
786 211 940 248 numeri
972 211 1128 249 maioris
1161 210 1274 249 amici

260 269 429 308 Acmona
463 269 696 319 corripimus
717 298 725 307 .
765 269 828 307 cui
860 268 1099 319 res-pondere
1131 268 1273 307 volenti

260 326 339 366 Vox
360 328 507 378 pariter
527 328 711 377 vocisque
731 327 790 364 via
811 331 870 365 est
890 331 1070 365 tenuata:
1091 338 1300 377 comaeque
1339 335 1365 360 r.
1388 342 1476 361 cxov-

261 385 304 424 In
336 385 487 436 plumas
520 384 694 437 abeunt,
725 384 868 435 plumis
900 396 997 423 nova
1029 384 1126 423 colla
1159 391 1344 436 teguntur

173 452 241 484 500
261 444 504 494 Pectoraque
537 448 576 482 et
607 448 791 495 tergum3
824 444 990 482 maiores
1022 442 1202 482 bracchia
1233 455 1380 494 pennas

260 502 496 554 Accipiunt,
528 501 729 552 cubitique
760 501 864 540 leves
898 503 1105 540 sinuantur
1136 503 1174 540 in
1208 502 1309 554 alas3

261 561 396 611 Magna
427 560 572 612 pedum
604 560 744 612 digitos
775 572 865 611 pars
898 566 1090 611 occupat:
1127 572 1273 611 oraque
1305 572 1426 599 cornu

263 619 447 658 indurata
480 621 636 671 rigent,
668 619 864 669 finemque
896 620 936 657 in
969 620 1145 658 acumIne
1178 626 1350 670 ponunt.

262 677 376 717 Hunc
408 677 564 730 Lycus,
596 677 700 717 hunc
733 677 818 716 Idas
851 683 891 715 et
915 689 1005 716 cum
1031 677 1260 715 Rhexenore
1287 677 1482 729 Nycteus,

175 744 241 776 505
262 737 376 775 Hunc
408 738 572 775 miratur
603 735 733 775 Abas:
767 741 806 774 et
837 735 929 774 dum
961 737 1152 774 mirantur
1172 767 1182 787 ,
1214 735 1376 774 eandem

262 796 468 846 Accipiunt
501 795 637 833 faciem
658 825 666 832 .
706 806 972 844 numerusque
1005 806 1051 832 ex
1083 796 1233 845 agmine
1265 795 1387 833 maior

264 853 449 903 Subyolat
466 885 477 906 ,
510 860 549 892 et
579 864 709 891 remos
741 852 887 904 plausis
920 852 1171 891 circumvolat
1203 852 1293 892 alis.

265 912 305 951 Si
337 911 540 951 volucrum
573 923 672 962 quae
704 912 754 950 sit
786 910 1003 950 subitarum
1036 911 1187 963 forma,
1220 912 1412 963 requiris,

263 970 314 1010 Ut
344 983 422 1009 non
456 982 669 1021 cygnorum
688 1001 699 1022 ‚
732 971 788 1008 sic
820 969 916 1008 albi-s
947 971 1122 1021 proxima
1155 972 1311 1021 cygnis.

176 1036 243 1068 510
264 1028 334 1068 Vix
367 1028 550 1080 equidem
581 1028 649 1067 has
683 1028 796 1067 sedes
828 1033 867 1067 et
897 1027 1047 1079 Iapygis
1081 1027 1186 1067 arida
1217 1027 1341 1067 Dauni

264 1089 362 1126 Arva
395 1099 515 1139 gener
547 1092 662 1126 teneo
695 1088 854 1125 minima
887 1098 975 1125 cum
1006 1092 1116 1137 parte
1149 1098 1326 1125 meorum
1341 1083 1365 1125 .'

323 1145 522 1185 Hactenus
556 1145 752 1184 Oenides.
792 1144 963 1184 Venulus
997 1144 1203 1196 Calydonia
1235 1157 1354 1196 regna

263 1204 549 1254 Peucetiosque
583 1205 692 1242 sinus
724 1203 991 1254 Messapiaque
1024 1215 1113 1242 arva
1145 1203 1354 1254 relinquit.

264 1262 306 1301 In
340 1262 482 1313 quibus
515 1267 624 1301 antra
656 1261 788 1313 videt,
822 1274 919 1312 quae
952 1261 1071 1300 multa
1104 1261 1236 1300 nubila
1268 1262 1359 1300 silva

176 1328 243 1360 515
264 1320 314 1359 Et
344 1320 493 1359 levibus
526 1321 660 1359 cannis
692 1321 868 1359 nutantia
900 1321 1114 1371 semicaper
1145 1319 1225 1358 Pan

264 1379 376 1418 Nunc
403 1385 538 1418 tenet.
572 1384 610 1417 at
635 1378 802 1429 quodam
829 1384 1042 1417 tenuerunt
1068 1384 1244 1429 tempore
1271 1379 1481 1430 nymphae,

264 1438 413 1489 Apulus
445 1437 513 1476 has
544 1436 608 1476 illa
639 1442 772 1488 pastor
804 1438 963 1488 regione
995 1437 1144 1487 fugatas

265 1496 454 1547 Terruit,
485 1501 525 1534 et
554 1497 681 1547 primo
714 1494 842 1534 subita
874 1494 1081 1533 formidine
1114 1496 1255 1534 movit:

265 1554 353 1593 Mox
372 1586 383 1606 ,
415 1553 482 1593 ubi
513 1565 624 1592 mens
656 1548 773 1592 rediit
805 1559 843 1592 et
875 1558 1146 1604 contempsere
1179 1558 1432 1606 sequentem,

179 1622 246 1652 520
267 1612 323 1652 Ad
356 1624 566 1652 numerum
597 1613 713 1651 motis
745 1611 910 1663 pedibus
943 1611 1090 1651 duxere
1123 1611 1308 1650 choreas.

266 1670 465 1722 Improbat
495 1671 564 1709 has
596 1676 758 1722 pastor,
791 1670 970 1720 saltuque
1003 1671 1175 1709 imitatus
1208 1671 1351 1721 agresti

266 1729 422 1769 Addidit
453 1728 634 1768 obscenis
666 1729 839 1767 convicia
870 1729 1017 1766 rustica
1049 1728 1187 1767 dictis:

266 1787 347 1826 Nec
378 1789 488 1839 prius
521 1799 564 1826 os
596 1788 747 1839 tacuit,
787 1798 903 1837 quam
941 1793 1098 1837 guttura
1139 1786 1311 1825 condidit
1351 1786 1486 1826 arbor.

267 1845 395 1885 Arbor
427 1847 532 1884 enim
565 1851 653 1885 est:
686 1856 780 1884 suco
813 1845 928 1883 liceat
960 1856 1198 1895 cognoscere
1231 1857 1380 1884 mores.

183 1912 248 1944 525
270 1904 422 1956 Quippe
456 1909 587 1943 notam
618 1903 772 1955 linguae
804 1902 911 1942 bacis
943 1902 1109 1941 oleaster
1141 1905 1281 1941 amaris

267 1962 464 2002 Exhibet:
496 1963 686 2013 asperitas
716 1960 926 2000 verborum
959 1962 1077 1999 cessit
1107 1963 1144 1999 in
1179 1961 1281 1999 illas.
1346 1970 1487 1996 [cxcvi.

327 2021 427 2060 Hinc
459 2020 526 2059 uhi
552 2020 667 2071 legati
698 2020 851 2058 rediere
870 2051 881 2072 ‚
913 2025 1048 2070 negata
1082 2019 1253 2057 serentes

268 2080 384 2118 Arma
416 2078 550 2117 Aetola
582 2078 684 2130 sibi,
717 2077 851 2117 Rutuli
884 2079 967 2116 sine
998 2076 1146 2116 viribus
1179 2077 1253 2115 illis

270 2137 372 2176 Bella
399 2138 590 2176 instructa
616 2143 759 2187 gerunt
778 2167 786 2175 .
818 2135 1062 2186 multumque
1082 2135 1128 2173 ab
1149 2141 1315 2186 utraque
1337 2137 1488 2175 cruoris

186 2204 251 2235 530
273 2195 563 2238 Partedatur.
603 2195 680 2233 sert
711 2206 802 2233 ecce
835 2193 964 2233 avidas
996 2195 1036 2232 in
1068 2195 1181 2244 pinea
1213 2194 1371 2233 Turnus

270 2254 390 2292 Texta
419 2254 552 2305 saces3
584 2255 772 2304 ignesque
798 2253 966 2304 timent,
993 2251 1135 2302 quibus
1162 2252 1263 2290 unda
1291 2253 1488 2303 pepercit.

270 2312 426 2362 lamque
458 2313 587 2363 picem
619 2317 657 2350 et
689 2322 798 2350 ceras
831 2310 1090 2361 alimentaque
1123 2316 1253 2349 cetera
1285 2310 1460 2348 flammae
