1554 2563
469 64 583 111 xm,
606 68 811 102 453-525.
953 70 1093 97 aecum
1231 58 1321 103 269

6 183 75 214 490
95 174 194 214 Huic
215 187 370 226 quoque
391 175 456 214 dat
474 175 651 214 lacrimas
672 205 680 212 .
707 175 885 214 lacrimas
911 176 951 213 in
977 174 1138 214 vulnera
1165 172 1316 224 fundit,

96 233 316 284 Osculaque
347 245 415 273 ore
447 235 571 286 tegit,
604 239 869 284 consuetaque
901 239 1061 285 pectora
1091 232 1258 284 plangit,

96 291 368 343 Canitiemque
400 304 510 332 suam
543 297 727 331 concreto
758 293 798 331 in
830 293 1019 343 sanguine
1050 302 1212 330 verrens

96 350 213 389 Plura
246 350 402 402 quidem
421 383 432 403 ‚
458 350 525 390 sed
560 357 599 390 et
630 350 726 389 haec
757 350 897 389 laniato
929 357 1090 402 pectore
1122 349 1241 388 dixit:

98 406 208 448 ‘Nata
228 442 238 461 ,
271 415 359 448 tuae
393 430 448 437 —
481 409 572 460 quid
606 410 710 448 enim
742 407 963 461 superest?
996 431 1050 436 —
1083 407 1194 447 dolor

1012 467 1147 506 ultime
1180 466 1318 517 matri,

8 534 77 566 495
97 526 221 579 Nata,
254 528 387 579 iaces;
419 527 610 578 videoque
643 533 754 566 tuum
773 558 784 579 ‚
817 538 900 564 mea
932 526 1091 566 vulnera
1111 557 1123 577 ,
1154 525 1318 564 vulnus.

97 584 156 624 En
175 617 186 638 ,
218 597 266 624 ne
298 585 536 637 perdiderim
568 597 803 637 quemquam
830 586 914 623 sine
946 585 1064 624 caede
1095 595 1297 634 meorum,

98 643 158 683 Tu
185 656 341 695 quoque
367 643 508 683 vulnus
534 643 683 683 habes.
722 650 761 684 at
791 650 829 683 te
849 675 860 695 ,
892 646 981 694 quia
1008 644 1174 694 femina,
1206 640 1319 680 rebar

97 703 128 741 A
160 703 266 741 ferro
299 708 449 741 tutam.
489 702 666 742 cecidisti
697 708 737 742 et
768 703 912 742 femina
944 703 1074 742 ferro:

99 761 252 813 Totque
286 767 375 800 tuos
407 761 510 800 idem
543 761 685 801 fratres
704 794 714 814 ‚
746 767 784 800 te
816 760 988 813 perdidit
1017 761 1145 813 idem,

11 828 79 860 500
99 819 271 859 Exitium
303 819 442 859 Troiae
475 822 679 871 nostrique
711 820 898 872 orbator,
930 819 1120 859 Achilles.

99 880 148 918 At
177 885 385 931 postquam
417 879 559 918 cecidit
589 878 739 918 Paridis
772 878 997 930 Phoebique
1031 878 1205 930 sagittiS,

99 938 211 977 Nunc
244 943 350 977 certe
369 969 380 989 ,
411 938 519 991 dixi,
551 950 629 976 non
661 943 722 977 est
752 937 986 977 metuendus
1018 936 1209 976 Achilles.

99 997 212 1036 Nunc
245 1008 400 1048 quoque
432 998 485 1035 mi
517 996 751 1036 metuendus
784 1002 894 1035 erat.
934 997 1033 1035 cinis
1064 997 1148 1047 ipse
1181 993 1323 1045 sepulti

101 1056 144 1095 In
171 1067 294 1106 genus
314 1055 388 1094 hoc
408 1056 530 1094 saevit
548 1068 558 1095 ε
583 1055 734 1095 tumulo
755 1067 911 1106 quoque
931 1056 1126 1093 sensimus
1147 1053 1323 1091 hostem:

13 1122 80 1154 505
101 1114 289 1153 Aeacidae
322 1113 488 1153 fecunda
520 1114 604 1154 sui.
642 1115 743 1153 iacet
773 1113 870 1152 Ilion
902 1115 1063 1165 ingens,

100 1172 332 1224 Eventuque
364 1174 471 1224 gravi
497 1173 609 1212 finita
641 1178 702 1211 est
732 1171 886 1224 publica
919 1171 1071 1223 clades,

104 1231 181 1271 Sed
206 1232 314 1270 finita
346 1236 505 1270 tamen:
537 1231 610 1270 soli
640 1230 735 1270 mihi
766 1230 955 1282 Pergama
986 1234 1160 1281 restant,

101 1290 145 1330 In
179 1301 377 1341 cursuque
410 1302 521 1328 meus
553 1289 664 1329 dolor
697 1295 784 1328 est.
822 1289 937 1328 modo
970 1290 1136 1327 maxima
1167 1298 1326 1338 rerum,

103 1349 179 1388 Tot
209 1350 364 1400 generis
396 1350 575 1399 natisque
607 1354 748 1400 potens
779 1347 1025 1398 nuribusque
1056 1348 1244 1397 viroque,

17 1415 85 1447 510-
103 1407 217 1446 Nunc
248 1406 383 1446 trahor
416 1406 505 1446 exul
523 1439 534 1459 ,
565 1408 679 1458 inops
698 1438 709 1459 ,
739 1406 901 1445 tumulis
934 1405 1065 1444 avulsa
1096 1416 1298 1455 meorum,

102 1465 321 1517 Penelopae
354 1477 525 1504 munus.
565 1477 664 1516 quae
695 1476 758 1504 me
790 1464 877 1503 data
907 1475 1028 1515 pensa
1059 1463 1281 1502 trahentem

104 1524 294 1564 Matribus
326 1523 537 1562 ostendens
568 1523 710 1562 Ithacis
743 1520 870 1562 “haec
902 1522 1082 1561 Hectoris
1113 1521 1178 1560 illa
1209 1527 1270 1559 est

107 1583 217 1623 Clara
248 1594 390 1634 parens
410 1614 420 1634 ,
450 1582 547 1621 haec
579 1579 653 1621 est'
686 1582 791 1620 dicet
821 1578 1027 1620 ‘Priameia
1060 1576 1285 1619 coniunx”.

105 1642 278 1693 Postque
311 1646 369 1680 tot
400 1642 563 1680 amissos
595 1646 637 1679 tu
670 1652 805 1692 nunc,
838 1652 936 1690 quae
970 1639 1050 1678 sola
1081 1637 1234 1677 levabas

19 1708 85 1741 515
106 1701 302 1740 Maternos
333 1699 463 1739 luctus
481 1731 492 1752 ,
523 1699 678 1738 hostilia
710 1698 823 1738 busta
854 1700 987 1750 piasti.

106 1759 270 1798 Inferias
301 1758 405 1797 hosti
434 1759 599 1810 peperi.
639 1769 715 1808 quo
748 1757 874 1796 ferrea
907 1763 1012 1796 resto
1032 1753 1054 1796 ?

43 1819 45 1821 ’
109 1817 258 1864 Quidve
290 1814 464 1856 moror?
496 1829 573 1868 quo
606 1828 668 1855 me
701 1827 861 1868 servas,
893 1827 1038 1854 annosa
1070 1811 1290 1854 senectus?

110 1876 224 1928 Quo,
257 1875 295 1914 di
327 1874 506 1914 crudeles
525 1906 537 1927 ,
568 1876 643 1914 nisi
676 1886 752 1925 quo
784 1886 882 1913 nova
913 1874 1053 1913 funera
1085 1885 1266 1925 cernam,

108 1933 287 1973 Vivacem
320 1934 484 1973 differtis
516 1930 673 1972 anum?
705 1934 792 1984 quis
822 1944 938 1984 posse
970 1937 1127 1983 putaret

23 2000 91 2033 520
109 1993 279 2032 Felicem
310 1992 509 2031 Priamum
540 1997 629 2043 post
660 1991 788 2031 diruta
819 1991 1008 2042 Pergama
1039 1987 1150 2029 diei?

109 2051 217 2091 Felix
248 2057 374 2090 morte
406 2063 475 2090 sua
507 2056 594 2089 est.
627 2062 700 2089 nec
730 2055 770 2089 te
789 2081 800 2100 ,
831 2061 917 2088 mea
942 2055 1030 2088 nata
1048 2080 1060 2101 ,
1089 2054 1331 2100 peremptam

111 2111 288 2162 Aspicit,
321 2115 360 2149 et
389 2111 508 2149 vitam
537 2110 686 2160 pariter
717 2119 962 2159 regnumque
994 2107 1176 2158 reliquit.

112 2170 159 2207 At
177 2200 188 2221 ,
219 2174 315 2220 puto
334 2200 345 2221 ,
376 2167 583 2208 funeribus
616 2165 801 2206 dotabere
819 2198 831 2219 ,
862 2168 969 2218 regia
1000 2167 1133 2217 virgo,

113 2227 389 2278 Condeturque
422 2233 534 2266 tuum
566 2226 829 2265 monumentis
862 2237 1006 2277 corpus
1038 2225 1173 2263 avitis.

25 2293 93 2324 525
112 2285 196 2325 Non
229 2285 325 2325 haec
357 2291 417 2324 est
448 2286 603 2324 fortuna
635 2283 804 2323 domus.
840 2282 912 2323 tibi
944 2294 1106 2322 munera
1138 2284 1273 2322 matris
