1554 2563
535 82 636 125 xm,
673 86 782 118 670—
792 86 858 117 742
873 109 881 117 .
1006 100 1141 123 sonu
1297 83 1383 124 275

159 191 280 231 Ferre
312 192 379 231 diu
411 193 601 243 nequiere
632 190 763 231 Iovem
781 223 792 244 ‚
824 198 1062 244 centumque
1089 194 1242 234 relictis

160 249 331 289 Urbibus
362 250 556 290 Ausonios
589 255 725 301 optant
755 252 984 302 contingere
1016 256 1177 302 portus.

161 308 291 348 Saevit
324 308 450 348 hiems
470 340 481 361 ,
511 310 707 360 iactatque
741 310 874 362 viros3
907 309 1248 361 Strophadumque

1202 374 1383 421 receptos

72 434 140 466 710
160 426 359 466 Portubus
390 426 521 465 infidis
555 427 747 465 exterruit
778 425 857 465 ales
887 427 1018 466 Aello.

160 484 210 524 Et
241 486 317 524 iam
349 484 548 523 Dulichios
578 490 718 536 portus
749 484 999 536 Ithacamque
1033 485 1255 537 Samonque

159 543 407 594 Neritiasque
438 542 577 582 domus
596 574 608 595 ,
639 555 804 594 regnum
835 544 980 583 fallacis
1012 543 1157 597 Ulixis,

159 601 324 641 Praeter
356 607 468 640 erant
499 603 629 641 vecti:
662 607 850 640 certatam
882 602 948 641 lite
980 602 1145 642 deorum

158 660 403 699 Ambraciam
415 691 426 712 ,
446 661 628 711 versique
642 659 774 699 vident
788 660 860 700 sub
875 662 1041 712 imagine
1056 673 1192 700 saxum
1205 669 1234 697 r.
1247 669 1384 696 cxxxxii-

74 726 140 757 715
160 718 306 758 Iudicis
324 750 335 772 ,
366 718 523 758 Actiaco
556 730 654 770 quae
686 730 792 758 nunc
823 719 870 758 ab
901 720 1078 771 Apolline
1109 725 1200 759 nota
1232 726 1315 772 est,

163 777 423 828 Vocalemque
455 789 525 816 sua
557 782 702 816 terram
734 777 934 817 Dodonida
966 790 1139 830 quercu,

160 835 431 887 Chaoniosque
463 837 573 875 sinus
591 867 603 888 ,
635 835 703 875 ubi
734 838 814 875 nati
846 848 937 888 rege
968 836 1137 875 Molosso
1187 845 1220 872 t.
1239 844 1386 873 clxxxiii.

162 894 275 933 irrita
308 894 496 933 subiectis
528 895 664 945 sugere
696 894 876 934 incendia
907 897 1068 946 pennis.

218 953 398 992 Proxima
429 953 650 992 Phaeacum
681 953 860 992 felicibus
892 953 1017 992 obsita
1047 955 1174 1005 pomis

75 1019 141 1051 7:30
161 1011 268 1051 Rura
299 1017 468 1063 petunt.
505 1011 647 1063 Epiros
679 1011 726 1050 ab
758 1012 848 1064 his,
880 1018 1118 1063 regnataque
1150 1013 1227 1051 vati

162 1069 377 1110 Buthrotos
409 1070 577 1122 Phrygio
609 1070 866 1121 simulataque
898 1070 1015 1109 Troia
1045 1075 1226 1109 tenetur.

161 1128 255 1168 Inde
287 1130 512 1168 futurorum
544 1130 672 1181 certi,
704 1140 802 1179 quae
835 1134 976 1168 cuncta
1008 1128 1111 1167 fideli

161 1187 377 1226 Priamides
410 1187 581 1226 Helenus
612 1188 763 1226 monitu
795 1187 1072 1239 praedixerat,
1103 1188 1252 1226 intrant

163 1245 384 1285 Sicaniam.
423 1245 551 1284 tribus
583 1245 680 1284 haec
711 1247 886 1285 excurrit
917 1247 958 1284 in
990 1257 1159 1296 aequora
1190 1247 1345 1298 pinnis,

75 1312 141 1344 725
161 1304 192 1342 E
228 1304 370 1355 quibus
403 1303 626 1343 imbriferos
658 1310 719 1343 est
750 1316 861 1342 versa
892 1303 1095 1355 Pachynos
1128 1304 1175 1342 ad
1208 1309 1385 1356 austros3

161 1362 341 1402 Mollibus
373 1364 595 1414 expositum
625 1362 804 1413 zephyris
836 1361 1075 1414 Lilybaeon3
1108 1367 1146 1401 at
1176 1362 1315 1401 Arctos

161 1423 353 1472 Aequoris
385 1426 567 1472 expertes
599 1426 748 1472 spectat
780 1420 1017 1471 boreamque
1048 1420 1232 1459 Peloros.

161 1479 242 1518 Hac
274 1479 446 1519 subeunt
476 1479 649 1531 Teucri,
681 1484 721 1517 et
751 1480 870 1517 remis
902 1484 1093 1529 aestuque
1125 1478 1298 1518 secundo

163 1538 245 1577 Sub
277 1544 433 1577 noctem
466 1538 615 1588 potitur
647 1536 833 1576 Zanclaea
864 1536 998 1576 classis
1030 1537 1197 1576 harena.

76 1605 142 1636 '130
163 1596 288 1648 Scylla
320 1596 420 1635 latus
453 1596 664 1648 dextrum,
695 1595 847 1634 laevum
878 1596 1099 1646 inrequieta
1131 1594 1345 1646 Charybdis

164 1655 382 1694 Infestant.
422 1661 531 1693 vorat
563 1654 658 1693 haec
690 1660 820 1705 raptas
852 1656 1095 1704 revomitque
1129 1655 1304 1706 carinas,

162 1714 229 1753 Illa
262 1715 355 1753 feris
387 1720 510 1752 atram
543 1712 705 1752 canibus
737 1714 981 1763 succingitur
1012 1712 1164 1764 alvum,

164 1772 334 1824 Virginis
366 1784 434 1810 ora
466 1783 607 1823 gerens
625 1803 637 1824 ,
669 1776 708 1810 et
725 1803 737 1823 ,
768 1772 801 1810 si
832 1783 910 1809 non
942 1772 1071 1809 omnia
1102 1776 1210 1810 vates

164 1831 272 1870 Ficta
303 1830 579 1882 reliquerunt,
611 1830 740 1880 aliquo
773 1841 930 1880 quoque
962 1835 1140 1880 tempore
1171 1830 1302 1880 virgo.

77 1897 143 1929 '135
164 1889 272 1928 Hanc
304 1889 417 1928 multi
447 1890 598 1940 petiere
629 1889 769 1939 proci:
801 1887 943 1938 quibus
975 1887 1039 1926 illa
1070 1887 1240 1938 repulsis

163 1948 220 1986 Ad
252 1947 377 1999 pelagi
409 1947 597 1998 nymphas
616 1978 626 1998 ,
658 1946 784 1997 pelagi
816 1947 1034 1996 gratissima
1067 1945 1271 1997 nymphis,

163 2006 247 2045 lbat
264 2038 276 2058 ,
308 2012 347 2044 et
378 2005 508 2044 elusos
541 2007 726 2044 iuvenum
759 2004 941 2042 narrabat
971 2016 1146 2043 amores.

166 2064 237 2103 Cui
269 2065 361 2103 dum
394 2063 610 2115 pectendos
640 2062 804 2115 praebet
836 2062 990 2101 Galatea
1023 2061 1206 2114 capillos,

164 2122 323 2162 Talibus
355 2122 567 2174 alloquitur
586 2153 597 2173 ,
629 2126 813 2172 repetens
845 2122 1043 2172 suspiria,
1075 2120 1212 2160 dictisz

80 2189 146 2221 740
167 2179 238 2220 ‘Te
270 2187 400 2220 tamen
419 2213 430 2233 ,
461 2193 483 2218 o
517 2181 623 2230 virgo
643 2211 654 2231 ,
686 2191 810 2230 genus
841 2179 944 2217 haud
976 2180 1112 2217 inmite
1144 2180 1316 2217 virorum

166 2239 353 2292 Expetit3
384 2245 506 2290 utque
540 2239 634 2277 sacis
652 2269 663 2290 ,
694 2243 806 2289 potes
838 2237 898 2276 his
929 2239 1077 2289 inpune
1109 2248 1276 2288 negare.

165 2299 213 2336 At
244 2298 367 2348 mihi,
400 2299 463 2336 cui
494 2302 605 2349 pater
638 2301 698 2335 est
727 2295 909 2350 Nereus,
942 2308 1057 2347 quam
1089 2295 1244 2335 caerula
1277 2294 1388 2333 Doris

1036 2362 1107 2396 18*
