1554 2563
93 103 150 145 42
308 115 488 140 aemonae
644 102 859 137 METAMM
874 128 882 137 .

211 214 297 253 Non
330 225 446 252 secus
477 214 650 266 exarsit,
682 224 798 264 quam
830 224 920 252 cum
950 211 1146 251 Balearica
1177 210 1380 263 plumbum
1433 259 1436 262 ⁴

212 271 347 311 Funda
378 272 498 311 iacit:
530 271 631 310 volat
661 270 755 310 illud
781 276 821 310 et
850 269 1093 310 incandescit
1124 270 1277 322 eundo,

212 330 262 370 Et
293 342 391 382 quos
423 342 501 369 non
533 329 668 370 habuit
686 361 697 382 ‚
729 329 804 369 suh
838 328 1009 368 nubibus
1035 330 1185 368 invenit
1214 330 1347 380 ignes.

124 398 191 429 730
210 388 336 428 Vertit
366 390 472 441 iter,
504 388 690 440 caeloque
721 390 825 440 petit
856 393 1014 427 terrena
1045 387 1207 440 relicto,

211 448 292 487 Nec
324 459 365 486 se
399 447 645 486 dissimulat.
683 452 790 486 tanta
821 451 883 485 est
912 446 1055 485 fiducia
1086 446 1258 484 formae.

213 507 320 552 Quae
341 518 576 557 quamquam
608 507 710 545 iusta
731 511 791 545 est
807 537 819 558 ,
850 516 944 544 cura
973 510 1104 544 tamen
1124 504 1280 544 adiuvat
1309 503 1438 557 illam,

212 564 514 616 Permulcetque
536 576 665 604 comas
686 563 1007 615 chlamydemque
1025 595 1036 616 ,
1069 569 1112 602 ut
1136 562 1305 615 pendeat
1324 568 1438 615 apte,

214 623 386 663 Collocat
403 655 415 676 ‚
447 628 492 662 ut
521 622 665 663 limbus
696 629 902 673 totumque
934 628 1119 674 appareat
1149 633 1313 673 aurum3

125 690 192 722 ’135
212 682 263 721 Ut
293 688 399 721 teres
431 683 472 721 in
504 682 640 721 dextra
658 713 669 734 ‚
702 693 778 733 qua
809 693 967 720 somnos
999 680 1108 719 ducit
1138 686 1178 720 et
1209 686 1339 730 arcet,

212 740 327 792 Virga
358 741 437 793 sit;
463 746 508 780 ut
538 742 655 780 tersis
686 741 836 779 niteant
866 739 1000 778 talaria
1031 739 1195 790 plantis.

212 799 309 838 Pars
341 805 493 838 secreta
525 798 664 838 domus
697 798 815 838 ebore
848 804 888 837 et
917 798 1116 837 testudine
1145 797 1272 836 cultos

211 858 309 897 Tres
341 857 476 897 habuit
509 857 696 897 thalamos
714 889 725 910 ,
758 869 926 908 quorum
958 862 1031 909 tu,
1060 855 1285 907 Pandrose,

1177 915 1379 967 dextrum,

211 975 403 1026 Aglaurus
435 975 588 1015 laevum
606 1006 618 1028 ,
650 974 821 1014 medium
851 973 1082 1026 possederat
1106 972 1253 1013 Herse.

125 1042 193 1074 740
214 1034 321 1080 Quae
353 1035 482 1074 tenuit
512 1033 664 1073 laevum
683 1065 694 1086 ,
726 1034 949 1072 venientem
979 1033 1105 1084 prima
1136 1033 1285 1072 notavit

211 1092 451 1132 Mercurium
482 1104 704 1143 nomenque
737 1092 801 1131 dei
831 1092 1010 1131 scitarier
1041 1103 1135 1130 ausa
1167 1096 1228 1130 est

210 1151 261 1191 Et
292 1163 449 1191 causam
480 1151 697 1190 adventus.
736 1152 800 1189 cui
831 1151 888 1189 sic
920 1150 1124 1201 respondit
1154 1148 1320 1188 Atlantis

210 1209 471 1261 Pleionesque
502 1221 655 1261 nepos:
687 1206 774 1260 ‘ego
807 1220 894 1248 sum
913 1240 923 1260 ,
956 1209 1024 1259 qui
1054 1209 1160 1247 iussa
1190 1220 1262 1259 per
1293 1219 1408 1247 auras

211 1268 338 1308 Verba
368 1270 492 1320 patris
523 1274 639 1319 porto
659 1298 668 1307 .
705 1272 818 1319 pater
850 1273 910 1306 est
940 1266 1035 1305 mihi
1060 1266 1238 1318 Iuppiter
1269 1268 1376 1319 ipse.

125 1336 191 1368 ‘145
212 1327 294 1367 Nec
325 1327 469 1378 fingam
501 1338 667 1366 causas:
697 1332 741 1366 tu
773 1330 925 1365 tantum
956 1325 1031 1364 fida
1063 1326 1190 1364 sorori

211 1385 309 1425 Esse
341 1385 436 1425 velis
467 1385 668 1437 prolisque
700 1396 808 1424 meae
840 1389 1052 1423 matertera
1083 1384 1183 1423 dici.

210 1444 336 1483 Herse
368 1455 484 1483 causa
515 1445 626 1483 viae.
665 1443 793 1482 faveas
824 1454 981 1481 oramus
1013 1443 1157 1481 amanti
1170 1437 1196 1481 ‚⁹

211 1504 361 1554 Aspicit
392 1502 498 1542 hunc
529 1502 654 1541 oculis
685 1502 810 1541 isdem
828 1532 840 1554 ,
872 1500 1015 1552 quibus
1047 1500 1177 1540 abdita
1208 1513 1336 1553 nuper

212 1561 369 1601 Viderat
398 1561 592 1612 Aglaurus
622 1560 741 1599 flavae
773 1565 925 1600 secreta
948 1559 1168 1611 Minervae,

126 1630 192 1661 750
211 1620 368 1671 Proque
400 1621 619 1659 ministerio
651 1621 781 1670 magni
812 1617 886 1658 sibi
917 1618 1104 1670 ponderis
1135 1629 1274 1658 aurum

212 1678 418 1719 Postulat:
448 1680 599 1717 interea
631 1679 747 1717 tectis
780 1676 970 1717 excedere
1003 1678 1129 1727 cogit.

213 1737 338 1776 Vertit
368 1737 415 1775 ad
447 1736 547 1775 hanc
579 1738 680 1775 torvi
711 1736 782 1775 dea
813 1735 952 1774 bellica
982 1734 1141 1774 luminis
1173 1734 1331 1788 orbem,

212 1795 263 1835 Et
293 1800 402 1834 tanto
434 1796 593 1846 penitus
624 1796 743 1834 traxit
774 1795 943 1845 suspiria
973 1798 1107 1845 motu,

213 1853 265 1893 Ut
293 1855 442 1905 pariter
472 1851 614 1904 pectus'
642 1854 888 1904 positamque
919 1853 960 1891 in
991 1857 1153 1903 pectore
1185 1853 1276 1892 forti

126 1921 192 1953 '155
212 1911 357 1963 Aegida
388 1916 620 1951 concuteret
638 1942 648 1951 .
686 1910 812 1961 [subit
829 1942 840 1963 ,
871 1910 972 1949 hanc
1003 1922 1144 1949 arcana
1173 1912 1336 1963 prosa-na

215 1971 417 2010 Detexisse
448 1981 567 2010 manu
598 1975 682 2010 tum
700 2000 712 2022 ‚
743 1981 834 2009 cum
865 1970 949 2008 sine
981 1974 1107 2007 matre
1139 1976 1310 2009 creatam

213 2028 458 2068 Lemnicolae
489 2030 655 2080 stirpem
686 2033 823 2068 contra
854 2027 942 2067 data
972 2027 1130 2066 foedera
1161 2028 1279 2068 vidit:

213 2088 263 2127 Et
293 2092 521 2138 gratamque
553 2086 626 2126 deo
658 2087 742 2126 fore
773 2088 849 2126 iam
880 2090 1108 2137 gratamque
1140 2087 1291 2138 sorori,

214 2146 263 2185 Et
294 2146 413 2185 ditem
445 2151 602 2196 sumpto
620 2176 633 2198 ,
665 2144 769 2196 quod
800 2156 914 2183 avara
943 2150 1208 2198 poposcerat,
1239 2157 1334 2184 auro
1350 2144 1377 2195 .]

127 2213 193 2245 760
212 2204 400 2244 Protinus
431 2203 602 2243 Invidiae
634 2205 746 2255 nigro
779 2202 996 2255 squalentia
1028 2201 1118 2241 tabo

213 2262 333 2302 Tecta
363 2264 463 2314 petit
483 2292 492 2302 .
530 2262 668 2302 domus
701 2267 761 2302 est
790 2263 879 2301 imis
909 2263 951 2301 in
982 2259 1146 2300 vallibus
1178 2261 1295 2302 huius

212 2320 352 2360 Abdita
371 2351 382 2373 ,
412 2320 493 2360 sole
526 2332 666 2360 carens
685 2352 696 2374 ‚
727 2332 806 2360 non
837 2319 906 2360 ulli
935 2320 1070 2371 pervia
1103 2325 1243 2374 vento,
