1554 2563
137 124 163 163 2
170 124 194 162 5
202 122 230 165 2
385 136 538 159 caeneus
700 123 914 158 METAMM
929 151 938 160 .

174 241 240 273 505
261 233 359 272 Esse
390 245 510 285 reor3
543 234 610 284 qui
641 238 773 273 tantus
806 239 918 286 erat,
950 233 1110 272 Iunonis
1142 240 1186 273 ut
1217 234 1314 273 altae

263 292 381 343 Spem
413 297 599 343 caperet.
637 304 708 331 nos
741 293 939 331 semimari
971 304 1203 344 superamur
1235 292 1282 331 ab
1315 292 1448 332 hoste.

263 350 362 389 Saxa
394 350 604 401 trabesque
638 362 757 402 super
788 356 970 401 totosque
1002 351 1185 390 involvite
1218 357 1395 390 montes.

262 408 520 461 vivacemque
553 411 719 448 animam
750 410 880 448 missis
912 409 1043 448 elidite
1076 409 1204 449 silvis!

264 467 365 507 Silva
396 473 550 520 premat
581 469 713 507 fauces
731 499 743 521 ‚
774 473 814 507 et
845 469 921 507 erit
951 480 1022 519 pro
1054 468 1215 508 vulnere
1247 468 1401 520 pondus
1416 464 1456 507 .'’

175 534 242 566 510
263 526 395 580 Dixit,
427 532 467 566 et
497 528 622 566 insani
655 526 846 566 deiectam
878 526 1026 565 viribus
1058 529 1182 566 austri

262 585 380 625 Forte
413 585 564 625 trabem
597 591 735 625 nactus
754 617 765 638 ,
797 585 965 624 validum
999 587 1167 624 coniecit
1197 587 1237 625 in
1268 586 1446 625 hostem:

263 644 573 696 Exemplumque
606 644 680 684 suit
699 676 707 683 .
746 656 944 696 parvoque
976 646 1016 683 in
1048 650 1225 696 tempore
1257 644 1387 683 nudus

262 703 424 743 Arboris
457 703 600 754 Othrys
632 709 745 755 erat,
777 715 850 742 nec
881 702 1049 742 habebat
1079 703 1208 742 Pelios
1240 702 1422 742 umbras.

264 761 440 801 Obrutus
472 763 618 800 inmani
651 761 807 801 cumulo
826 793 838 815 ‚
869 761 943 801 sub
974 761 1148 813 pondere
1182 762 1360 801 Caeneus

176 828 242 860 515
263 821 425 860 Aestuat
457 820 622 860 arboreo
655 826 919 872 congestaque
952 820 1094 859 robora
1126 820 1236 859 duris

263 879 357 919 Fert
381 881 529 919 umeris
550 911 558 919 .
597 879 664 918 sed
693 880 797 918 enim
822 885 1030 931 postquam
1055 892 1175 930 super
1200 891 1266 918 ora
1294 885 1487 931 caputque

264 937 395 978 Crevit
426 951 526 978 onus
544 970 556 991 ‚
588 950 715 990 neque
748 937 866 977 hahet
883 970 894 990 ,
927 950 1023 989 quas
1055 938 1201 991 ducat,
1232 940 1394 990 spiritus

1264 1009 1401 1050 auras,
1433 1016 1483 1026 ——

264 1055 422 1106 [Deficit
452 1056 681 1109 interdum3
712 1056 827 1095 modo
861 1068 902 1094 se
934 1068 1054 1107 super
1085 1059 1174 1095 aera
1206 1056 1351 1096 frustra

264 1115 418 1153 Tollere
451 1121 645 1168 conatur,
677 1117 876 1166 iactasque
909 1115 1087 1154 evolvere
1121 1114 1259 1166 silvas3

177 1173 545 1224 5201nterdumque
578 1179 735 1213 movet:
767 1173 917 1225 veluti,
949 1185 1065 1224 quam
1098 1175 1297 1212 cernimus
1316 1205 1327 1226 ,
1359 1184 1450 1212 ecce

264 1231 394 1271 Ardua
426 1233 459 1271 si
491 1238 619 1271 terrae
652 1233 850 1282 quatiatur
880 1231 1052 1270 motibus
1079 1231 1187 1282 Ide.]

264 1289 402 1330 Exitus
434 1292 474 1329 in
506 1290 624 1329 dubio
657 1296 717 1329 est
748 1312 803 1317 —
836 1289 900 1328 alii
933 1289 1005 1328 sub
1038 1291 1165 1329 inania
1198 1302 1342 1342 corpus

266 1349 429 1388 Tartara
462 1349 669 1388 detrusum
702 1348 886 1387 silvarum
918 1348 1019 1387 mole
1052 1348 1253 1388 ferebant:

265 1407 412 1446 Abnuit
442 1407 675 1459 Ampycides
693 1439 704 1460 ,
736 1407 944 1458 medioque
977 1419 1024 1445 ex
1055 1419 1196 1458 aggere
1229 1406 1343 1446 fulvis

178 1474 244 1505 525
266 1465 372 1505 Vidit
402 1478 511 1505 avem
543 1467 682 1517 pennis
715 1465 880 1516 liquidas
913 1467 1019 1504 exire
1052 1466 1125 1505 sub
1157 1478 1295 1518 auras,
1340 1473 1486 1500 hebom-

266 1524 374 1570 Quae
407 1525 502 1563 mihi
534 1530 629 1563 tunc
660 1526 861 1577 primum,
892 1529 987 1563 tunc
1020 1530 1079 1563 est
1110 1530 1319 1577 conspecta

1237 1594 1487 1636 supremum.

265 1642 374 1682 Hanc
405 1642 459 1681 ihi
490 1642 723 1681 lustrantem
755 1641 832 1680 leni
865 1652 935 1681 sua
967 1647 1094 1681 castra
1125 1641 1254 1681 volatu

264 1701 424 1752 Mopsus
457 1707 496 1740 et
526 1702 675 1752 ingenti
708 1702 857 1739 circum
889 1700 1071 1751 clangore
1103 1706 1306 1740 sonantem

264 1759 454 1812 Aspexit,
485 1761 712 1810 pariterque
745 1760 884 1798 animis
916 1759 1120 1810 oculisque
1152 1765 1313 1798 secutus

177 1827 245 1858 530
266 1815 330 1857 “0
363 1818 466 1857 salve
485 1815 511 1870 ,³
544 1818 641 1856 dixit
673 1815 896 1870 ‘Lapitheae
928 1817 1049 1868 gloria
1081 1819 1232 1870 gentis,

264 1876 429 1915 Maxime
454 1878 513 1915 vir
539 1876 734 1928 quondam
753 1908 764 1928 ‚
790 1876 858 1915 sed
884 1887 989 1915 nunc
1009 1877 1089 1915 avis
1109 1878 1223 1915 unica
1241 1908 1251 1928 ‚
1278 1873 1487 1916 Caeneu!''

267 1935 422 1974 Credita
454 1948 518 1974 res
551 1940 710 1975 auctore
743 1947 815 1974 suo
847 1940 935 1974 est.
974 1934 1084 1973 dolor
1116 1934 1262 1973 addidit
1293 1936 1413 1988 iram,

265 1992 587 2046 oppressumque
620 2006 734 2045 aegre
767 1993 927 2033 tulimus
959 1998 1018 2032 tot
1048 1992 1094 2031 ab
1127 1993 1305 2032 hostibus
1344 2005 1487 2033 unum:

265 2052 346 2091 Nec
378 2054 489 2104 prius
521 2052 743 2091 abstitimus
776 2053 880 2091 ferro
914 2063 1100 2091 exercere
1132 2051 1331 2105 dolorem,

178 2119 243 2150 535
266 2111 391 2157 Quam
423 2112 510 2150 data
541 2123 632 2162 pars
663 2111 770 2163 leto,
801 2115 952 2162 partem
984 2110 1073 2161 fuga
1105 2122 1260 2161 noxque
1285 2112 1450 2150 removit
1463 2107 1486 2150 .’

323 2169 427 2208 Haec
458 2171 562 2208 iuter
593 2168 776 2221 Lapithas
813 2175 853 2208 et
884 2168 1160 2207 semihomines
1193 2168 1410 2208 Centauros

264 2227 416 2267 Proelia
435 2260 446 2280 ‚
477 2228 725 2279 Tlepolemus
745 2259 756 2279 ,
786 2227 894 2279 Pylio
926 2227 1123 2266 referente
1141 2259 1153 2280 ‚
1185 2227 1360 2267 dolorem

265 2286 472 2325 Praeteriti
503 2286 658 2325 Alcidae
691 2288 808 2325 tacito
835 2297 914 2325 non
945 2285 1107 2337 pertulit
1138 2298 1230 2337 ore,

264 2344 391 2396 Atque
424 2345 504 2384 ait:
537 2342 768 2383 ‘Herculeae
801 2345 943 2384 mirum
975 2349 1035 2383 est
1066 2343 1204 2383 oblivia
1235 2344 1359 2383 laudis
