1554 2563
158 107 240 150 160
389 120 545 143 cALYnou
604 112 607 118 '
706 106 922 142 METAMM
936 134 944 142 .

273 216 498 257 Abs-tulerat
529 216 686 270 iaculo3
717 216 865 269 lignum
899 218 982 257 sine
1015 219 1194 258 acumine
1226 218 1356 258 venit.

185 284 252 317 355
274 277 334 316 Ira
366 277 440 315 feri
471 281 576 315 mota
608 282 695 329 est,
728 288 801 315 nec
833 275 995 315 fulmine
1028 277 1154 316 lenius
1186 278 1304 316 arsit:

272 335 425 374 Emicat
456 347 504 374 ex
536 334 661 374 oculis
679 366 690 387 ,
721 337 844 386 spirat
875 347 1031 387 quoque
1063 342 1223 387 pectore
1254 335 1425 374 flamma.

275 394 401 445 thue
433 393 535 433 volat
565 393 687 432 moles
719 394 886 433 adducto
920 396 1071 434 concita
1103 407 1246 447 nervo,

274 452 372 492 Cum
403 454 502 504 petit
533 458 600 491 aut
631 465 765 491 muros
797 458 863 491 aut
893 452 1028 504 plenas
1060 453 1182 492 milite
1213 459 1368 505 turres,

272 512 316 551 In
348 514 509 551 iuvenes
540 517 647 550 vasto
680 513 736 550 sic
768 513 913 562 impete
945 512 1152 551 vulnificus
1184 524 1251 551 sus

188 578 254 610 360
275 570 442 623 Fertur,
470 575 508 609 et
539 569 779 621 Eupalamon
810 570 1112 623 Pelagonaque,
1143 571 1280 610 dextra
1312 577 1468 610 tuentes

275 629 430 669 Cornua
450 660 461 682 ‚
492 631 737 680 prosternit.
776 630 872 668 socii
904 641 1071 680 rapuere
1103 631 1296 669 iacentes.

273 689 323 728 At
354 699 431 727 non
464 687 640 726 letiferos
673 688 809 739 effugit
839 687 1071 727 Enaesimus
1102 690 1205 728 ictus

273 747 543 798 Hippocoonte
576 752 711 786 satus.
750 746 1011 798 trepidantem
1044 753 1083 786 et
1113 752 1222 799 terga
1253 752 1454 799 parantem

275 806 436 845 Vertere
469 807 622 844 succiso
656 805 857 856 liquerunt
888 806 1033 856 poplite
1066 808 1197 846 nervi.

186 872 253 906 365
274 865 454 904 Forsitan
487 869 527 903 et
556 863 689 915 Pylius
721 866 819 903 citra
844 863 1011 903 Troiana
1043 866 1212 916 perisset

273 924 496 975 Tempora:
528 922 596 962 sed
629 929 785 975 sumpto
816 924 943 974 posita
975 925 1179 963 conamine
1211 923 1258 963 ab
1289 923 1397 963 hasta

274 982 437 1021 Arboris
469 982 649 1034 insiluit,
682 994 782 1033 quae
815 981 941 1020 stabat
971 984 1147 1033 proxima
1165 1014 1177 1035 ‚
1208 984 1350 1035 ramis,

274 1041 568 1094 Despexitque,
599 1041 685 1079 loco
719 1047 828 1080 tutus
847 1072 858 1093 ,
890 1052 1007 1091 quem
1040 1042 1193 1092 fugerat
1224 1041 1399 1081 hostem.

274 1100 464 1139 Dentibus
495 1099 558 1138 ille
592 1100 700 1138 serox
734 1101 773 1138 in
806 1111 956 1150 querno
989 1102 1122 1151 stipite
1153 1102 1256 1139 tritis

186 1167 254 1199 370
276 1158 476 1208 [Imminet
508 1160 626 1197 exitio
645 1190 656 1211 ,
687 1157 890 1209 fidensque
917 1158 1143 1198 recentibus
1176 1158 1312 1210 armis]

273 1217 485 1269 Eurytidae
518 1218 647 1268 magni
679 1223 810 1255 rostro
843 1217 971 1255 semur
1003 1217 1132 1256 hausit
1163 1218 1337 1257 adunco.

273 1278 322 1315 At
352 1277 527 1327 gemini,
558 1275 733 1314 nondum
765 1275 945 1313 caelestia
978 1276 1105 1315 sidera
1124 1308 1135 1329 ,
1168 1277 1333 1328 fratres,

273 1334 396 1373 Ambo
429 1335 662 1386 conspicui,
694 1335 781 1373 nive
815 1333 1105 1373 candidioribus
1137 1335 1250 1374 ambo

273 1393 536 1433 Vectabantur
567 1394 678 1443 equis
697 1424 708 1445 ‚
740 1392 852 1431 ambo
884 1393 1033 1432 vibrata
1064 1405 1134 1444 per
1166 1405 1280 1433 auras

185 1460 252 1492 375
273 1452 482 1491 Hastarum
514 1451 681 1490 tremulo
715 1450 942 1502 quatiebant
974 1452 1123 1503 spicula
1153 1458 1284 1492 motu.

273 1510 442 1550 Vulnera
475 1511 690 1562 fecissent,
723 1512 799 1548 nisi
830 1513 1000 1561 saetiger
1032 1512 1135 1549 inter
1168 1523 1332 1564 opacas,

272 1570 353 1609 Nec
385 1569 522 1608 iaculis
553 1571 650 1607 isset
681 1580 754 1607 nec
786 1581 887 1620 equo
920 1569 1004 1608 loca
1036 1571 1197 1623 pervia,
1229 1571 1366 1610 silvas.

272 1629 530 1679 Persequitur
561 1627 747 1666 Telamon
765 1659 777 1680 ‚
809 1628 1017 1678 studioque
1049 1629 1230 1667 incantus
1261 1628 1380 1669 eundi

272 1687 427 1726 Pronus
459 1686 506 1725 ab
539 1686 702 1725 arborea
734 1687 876 1725 cecidit
907 1686 1036 1725 radice
1069 1694 1267 1727 retentus.

185 1753 253 1786 380
273 1746 374 1785 Dum
405 1745 506 1784 levat
536 1745 641 1784 hunc
672 1744 813 1784 Peleus
831 1776 843 1797 ,
875 1745 1044 1784 celerem
1076 1745 1251 1797 Tegeaea
1282 1747 1460 1798 sagittam

272 1805 450 1856 Inposuit
481 1816 601 1843 nervo
634 1804 868 1854 sinuatoque
901 1804 1050 1855 expulit
1080 1816 1196 1844 arcu.

273 1863 364 1902 Fixa
396 1862 470 1902 sub
503 1875 596 1902 aure
629 1863 702 1901 feri
734 1874 930 1901 summum
963 1862 1171 1914 destringit
1201 1863 1379 1903 harundo

274 1922 425 1974 Corpus
444 1953 456 1974 ‚
487 1927 527 1961 et
558 1922 698 1972 exiguo
731 1921 926 1960 rubefecit
956 1924 1145 1972 sanguine
1177 1929 1325 1961 saetas.

274 1980 354 2019 Nec
386 1986 516 2019 tamen
548 1980 611 2018 illa
643 1981 705 2019 sui
737 1991 923 2019 successu
955 1979 1094 2018 laetior
1124 1981 1255 2033 ictus,

185 2046 252 2078 385
275 2039 399 2084 Quam
430 2038 645 2090 Meleagros
677 2044 788 2077 erat.
826 2040 976 2090 primus
1008 2038 1150 2077 vidisse
1183 2045 1367 2091 putatur,

274 2097 324 2136 Et
355 2099 506 2149 primus
539 2099 656 2136 sociis
688 2098 813 2136 visum
845 2096 1064 2135 ostendisse
1097 2110 1303 2150 cruorem,

274 2156 323 2195 Et
354 2153 570 2195 ‘meritum'
603 2156 747 2194 dixisse
780 2153 899 2194 ‘feres
931 2156 1087 2194 virtutis
1118 2152 1349 2196 honorem.⁹

273 2214 479 2253 Erubuere
511 2215 612 2267 viri,
645 2226 765 2265 seque
798 2215 1055 2253 exhortantur
1087 2221 1126 2254 et
1157 2215 1305 2254 addunt

274 2272 371 2311 Cum
404 2273 572 2312 clamore
604 2275 784 2325 animos,
815 2274 1039 2323 iaciuntque
1071 2274 1155 2312 sine
1189 2274 1326 2312 ordine
1357 2273 1454 2313 tela.

186 2339 253 2371 390
275 2330 406 2370 Turba
438 2338 554 2371 nocet
585 2333 725 2380 iactis,
757 2337 796 2370 et
828 2343 925 2382 quos
957 2333 1084 2384 petit,
1116 2332 1277 2384 impedit
1308 2333 1432 2372 ictus.
