1554 2563
169 120 255 164 312
374 132 599 156 PYTHAGORAS
722 120 936 155 METAMM
950 146 959 156 .

286 231 472 283 Transit,
504 235 542 269 et
574 231 747 270 emeritis
780 230 897 269 medii
928 242 1084 281 quoque
1117 231 1306 282 temporis
1338 231 1449 272 annis

288 289 452 328 Labitur
482 288 667 328 occiduae
699 301 769 340 per
800 290 876 327 iter
908 288 1054 328 declive
1087 295 1289 329 senectae.

289 347 453 387 Subruit
484 347 579 386 haec
611 348 694 386 aevi
725 347 1012 398 demoliturque
1043 348 1186 399 prioris

288 406 473 446 Robora:
505 406 651 457 ssetque
682 404 801 445 Milon
834 407 992 458 senior,
1026 418 1115 445 cum
1146 411 1297 458 spectat
1327 407 1461 446 inanes

201 473 268 505 230
289 465 378 504 Illos
396 497 407 517 ,
440 466 507 516 qui
539 465 693 504 fuerant
725 464 939 503 solidorum
971 464 1072 503 mole
1104 470 1281 504 tororum

288 523 492 563 Herculeis
524 523 701 576 similes,
726 522 866 562 ssuidos
898 522 1070 574 pendere
1102 523 1290 562 lacertos.

288 582 373 621 Flet
405 593 590 635 quoque,
622 588 666 621 ut
697 583 736 620 in
768 581 926 633 speculo
959 594 1075 632 rugas
1107 583 1257 633 aspexit
1290 581 1431 634 aniles,

289 640 478 692 Tyndaris
497 672 508 693 ‚
540 646 579 680 et
610 652 744 680 secum
762 672 772 693 ,
806 652 876 679 cur
908 641 959 679 sit
988 639 1048 679 his
1080 646 1218 693 rapta,
1253 641 1442 691 requIrit.

289 699 462 751 Tempus
496 698 591 738 edax
623 710 787 751 rerum,
819 705 939 750 tuque
959 731 970 751 ‚
1001 698 1190 738 invidiosa
1221 704 1419 751 vetustas,

202 766 270 798 235
292 757 430 798 Omnia
463 757 694 810 destruitis,
726 759 936 808 vitiataque
969 756 1153 797 dentibus
1185 759 1267 797 aevi

289 816 480 856 Paulatim
512 816 617 855 lenta
650 817 879 855 consumitis
911 817 1039 854 omnia
1070 821 1220 855 morte.

287 875 392 915 Haec
413 887 569 926 quoque
591 887 667 914 non
682 880 882 927 perstant,
904 886 1001 925 quae
1016 886 1087 913 nos
1102 874 1293 914 elementa
1307 886 1511 914 vocamusx

291 933 475 985 Quasque
507 935 611 972 vices
643 939 860 986 peragant,
892 954 946 961 --
980 934 1129 972 animos
1161 932 1369 973 adhibete!
1403 954 1457 961 —

1343 991 1508 1031 docebo.

289 1051 482 1098 Quattuor
514 1057 698 1090 aeternus
731 1050 913 1102 genitalia
948 1062 1112 1102 corpora
1143 1050 1312 1091 mundus

200 1118 270 1150 240
291 1110 501 1149 Continet.
541 1122 587 1149 ex
618 1110 695 1148 illis
727 1110 804 1149 duo
840 1114 932 1149 sunt
963 1121 1158 1162 onerosa,
1191 1121 1340 1160 suoque

289 1168 470 1207 Pondere
501 1169 541 1207 in
574 1168 738 1207 inferius
757 1200 768 1221 ,
801 1168 915 1207 tellus
948 1175 1063 1219 atque
1096 1167 1227 1220 unda,
1259 1168 1465 1220 feruntur3

289 1226 339 1265 Et
372 1226 534 1266 totidem
566 1228 752 1278 gravitate
785 1232 948 1279 carent,
980 1226 1164 1277 nulloque
1197 1232 1400 1278 premente

289 1285 374 1324 Alta
405 1290 573 1337 petunt,
603 1289 673 1336 (aer
704 1291 820 1336 atque
852 1289 942 1324 aere
973 1286 1110 1336 purior
1141 1286 1263 1336 ignis.

292 1343 399 1389 Quae
433 1356 669 1395 quamquam
701 1345 825 1395 spatio
859 1343 1032 1395 distant,
1063 1349 1192 1382 tamen
1225 1345 1351 1383 omnia
1384 1344 1482 1383 fiunt

202 1411 270 1442 245
292 1402 348 1441 Ex
380 1403 475 1454 ipsis
494 1433 505 1454 ,
537 1407 576 1441 et
606 1403 646 1441 in
678 1403 761 1453 ipsa
793 1401 965 1441 cadunt:
997 1401 1247 1453 resolutaque
1279 1402 1394 1441 tellus

271 1461 335 1500 ·1n
367 1460 533 1512 liquidas
565 1462 730 1499 rarescit
761 1472 879 1511 aquas
899 1492 910 1513 ‚
940 1466 1124 1499 tenuatus
1155 1462 1195 1500 in
1227 1473 1341 1500 auras

291 1520 468 1570 Aeraque
502 1531 614 1558 umor
647 1519 753 1571 abit3
785 1519 941 1570 dempto
976 1531 1132 1570 quoque
1163 1519 1336 1571 pondere
1372 1531 1511 1559 rursus

291 1578 334 1617 ln
367 1589 532 1629 superos
564 1581 630 1617 aer
662 1579 915 1616 tenuissimus
948 1580 1088 1616 emicat
1119 1579 1252 1629 ignes.

292 1636 386 1676 Inde
418 1642 525 1675 retro
558 1635 755 1688 redeunt,
786 1636 968 1687 idemque
1003 1638 1195 1675 retexitur
1227 1637 1346 1677 ordo.

204 1703 272 1735 250
293 1695 397 1746 Ignis
430 1697 534 1734 enim
566 1694 733 1734 densum
764 1696 954 1746 spissatus
985 1696 1024 1734 in
1058 1698 1146 1734 aera
1179 1697 1341 1747 transit,

295 1753 394 1793 ilinc
425 1755 466 1793 in
498 1765 646 1805 aquas3
679 1753 793 1793 tellus
825 1753 1036 1804 glomerata
1069 1755 1220 1804 cogitur
1252 1753 1377 1793 unda.

295 1811 375 1851 Nec
407 1813 559 1863 species
591 1824 659 1851 sua
687 1814 828 1863 cuique
861 1818 1020 1864 manet,
1051 1824 1262 1863 rerumque
1295 1813 1469 1851 novatrix

292 1870 349 1909 Ex
381 1870 465 1909 aliis
497 1870 589 1909 alias
621 1876 777 1922 reparat
809 1877 945 1909 natura
977 1870 1143 1921 figuras.
1335 1898 1342 1903 -

292 1929 372 1968 Nec
403 1930 507 1981 perit
537 1931 577 1967 in
610 1935 716 1968 tanto
743 1930 951 1980 quicquam
969 1960 980 1981 ‚
1013 1929 1106 1967 mihi
1134 1930 1280 1969 credite
1301 1961 1311 1981 ‚
1343 1929 1511 1980 mundo,
1552 1940 1554 1942 ·

205 1995 272 2027 255
295 1987 371 2026 Sed
403 1989 552 2040 variat,
585 1988 801 2039 faciemque
834 1993 976 2027 novat.
1015 1989 1201 2039 nascique
1232 1994 1393 2027 vocatur

292 2046 470 2098 Incipere
503 2058 588 2085 esse
621 2046 753 2099 aliud,
787 2058 901 2097 quam
928 2045 1030 2097 quod
1057 2046 1131 2085 suit
1156 2052 1274 2098 ante3
1308 2048 1510 2098 morique,

292 2104 479 2144 Desinere
511 2105 605 2144 illud
638 2105 770 2144 idem.
810 2117 898 2144 cum
931 2106 1009 2144 sint
1041 2103 1118 2143 huc
1150 2105 1312 2144 forsitan
1346 2105 1433 2157 illa,
1552 2146 1554 2150 ,

293 2162 396 2203 llaec
427 2164 612 2203 translata
643 2163 764 2216 illuc,
796 2175 946 2203 summa
979 2169 1106 2202 tamen
1147 2166 1274 2202 omnia
1313 2169 1513 2202 constant.
1550 2162 1554 2215 J

291 2221 353 2261 Nil
385 2222 568 2273 equidem
599 2222 744 2261 durare
778 2222 843 2261 diu
876 2221 949 2261 suh
980 2223 1146 2272 imagine
1178 2221 1313 2261 eadem

204 2288 272 2320 260
293 2279 535 2320 Crediderim
557 2312 566 2320 .
605 2282 661 2319 sic
693 2280 739 2319 ad
772 2281 922 2319 serrum
953 2281 1114 2318 venistis
1145 2279 1191 2319 ab
1224 2292 1318 2319 auro

293 2337 485 2379 Saecula:
518 2340 576 2379 sic
608 2340 751 2378 totiens
784 2350 894 2378 versa
926 2344 985 2378 est
1016 2338 1173 2378 fortuna
1202 2338 1400 2379 locorum.
