1554 2563
165 94 252 136 294
419 108 548 131 cam-:Ns
715 96 927 131 METAMM
944 125 950 132 .

283 205 456 256 Proripit
486 217 530 244 ac
561 205 691 245 Latios
723 212 829 244 errat
860 218 998 245 vesana
1030 219 1101 257 per
1132 219 1268 258 agros.

285 263 361 302 Sex
392 263 496 302 illam
528 269 692 317 noctes,
724 265 885 304 totidem
919 264 1122 304 redeuntia
1154 265 1246 304 solis

283 321 448 361 Lumina
479 322 661 361 viderunt
692 324 849 374 inopem
881 324 1086 374 somnique
1120 323 1275 375 cibique

196 388 262 418 425
284 380 360 419 Per
391 383 509 433 iuga,
540 393 611 432 per
643 380 759 420 valles
778 413 788 433 ‚
821 393 896 432 qua
929 382 1009 420 sors
1041 381 1237 435 ducebat,
1270 388 1450 422 euntem.

283 438 452 478 Ultimus
483 441 633 490 aspexit
664 439 831 491 Thybris
862 439 1052 491 luctuque
1083 442 1221 492 viaque

214 519 268 524 —
289 497 448 536 Fessam
479 503 518 537 et
548 499 625 536 iam
656 497 768 548 longa
799 504 1011 549 ponentem
1043 510 1207 549 corpora
1239 500 1345 550 ripa.

282 555 365 595 Illic
398 568 488 595 cum
519 556 688 595 lacrimis
720 558 805 607 ipso
837 556 1033 596 modulata
1065 557 1198 596 dolore

282 614 408 654 Verba
440 627 536 654 sono
568 617 678 653 tenui
710 627 888 653 maerens
920 615 1135 666 fundebat3
1167 622 1212 654 ut
1243 615 1335 655 olim

196 681 263 712 430
284 673 463 713 Carmina
494 675 570 712 iam
602 675 773 712 moriens
806 675 910 712 canit
940 674 1154 724 exequialia
1186 687 1357 726 cygnus.

281 731 472 772 Luctibus
505 739 723 771 extremum
754 737 893 771 tenues
924 731 1132 783 liquefacta
1163 732 1352 771 medullas

283 790 452 843 Tabuit,
484 792 602 841 inque
634 790 738 829 leves
769 790 953 841 paulatim
985 792 1141 830 evanuit
1172 803 1285 830 auras
1300 801 1312 830 .’
1351 800 1380 827 f.
1401 799 1501 826 cxciv.

282 849 398 888 Fama
431 856 560 888 tamen
592 850 741 900 signata
771 848 856 887 loco
890 855 977 901 est,
1009 861 1126 900 quem
1157 851 1231 888 rite
1264 849 1474 889 Canentem

282 907 447 947 Nomine
479 907 527 946 de
558 907 749 959 nymphae
781 913 933 947 veteres
965 907 1097 946 dixere
1131 907 1319 947 Camenae
1334 905 1376 947 .''

197 974 262 1005 435
283 966 389 1005 Talia
420 966 542 1005 multa
573 966 668 1005 mihi
698 965 857 1017 longum
889 973 1044 1005 narrata
1076 979 1146 1017 per
1178 978 1322 1006 annum

282 1024 448 1076 Visaque
481 1031 573 1063 sunt
593 1056 601 1064 .
638 1024 788 1063 resides
820 1032 859 1063 et
891 1025 1148 1064 desuetudine
1180 1025 1281 1064 tardi

282 1084 436 1122 Rursus
467 1085 567 1122 inire
599 1083 744 1122 fretum
763 1115 773 1135 ,
805 1095 945 1122 rursus
978 1083 1069 1122 dare
1102 1083 1185 1122 vela
1216 1083 1420 1123 iubemur:

283 1143 563 1193 Ancipitesque
594 1143 674 1180 vias
707 1147 746 1180 et
777 1143 852 1180 iter
883 1141 1034 1180 Titania
1068 1149 1220 1181 vastum

283 1200 442 1239 Dixerat
474 1207 513 1239 et
544 1202 647 1238 saevi
678 1206 827 1239 restare
858 1200 1034 1251 pericula
1063 1202 1197 1251 ponti.

197 1267 264 1299 440
282 1259 473 1298 Pertimui
491 1290 502 1310 ‚
535 1259 687 1297 fateor:
719 1264 933 1309 nactusque
966 1258 1040 1297 hoc
1071 1258 1193 1311 litus,
1225 1258 1381 1298 adhaesi
1395 1256 1420 1298 .'

342 1317 514 1356 Finierat
544 1316 773 1355 Macareus,
811 1328 988 1367 urnaque
1020 1317 1163 1355 Aeneia
1194 1319 1327 1356 nutrix

284 1375 447 1414 Condita
477 1387 694 1414 marmorea
726 1374 876 1413 tumulo
907 1374 1025 1414 breve
1058 1387 1215 1414 carmen
1247 1375 1436 1416 habebat:

284 1432 371 1472 ‘Hic
403 1446 463 1472 me
498 1433 668 1472 Caietam
700 1438 814 1472 notae
845 1433 1002 1484 pietatis
1034 1433 1214 1473 alumnus

283 1493 469 1544 Ereptam
500 1492 679 1542 Argolico
712 1504 789 1542 quo
822 1491 985 1544 debuit,
1015 1493 1104 1542 igne
1137 1493 1323 1531 cremavit
1335 1487 1362 1531 .’

197 1559 262 1590 445
286 1551 456 1590 Solvitur
488 1550 655 1589 herboso
687 1549 874 1601 religatus
905 1549 951 1588 ab
985 1562 1124 1601 aggere
1156 1551 1284 1603 funis,

283 1609 333 1648 Et
362 1609 501 1661 procul
531 1609 691 1648 insidias
722 1610 1008 1659 infamataeque
1040 1609 1270 1659 relinquunt

284 1668 404 1706 Tecta
435 1668 557 1719 deae,
589 1667 777 1718 lucosque
808 1672 976 1718 petunt,
1009 1667 1076 1705 ubi
1107 1667 1265 1706 nubilus
1297 1667 1433 1706 umbra

283 1727 327 1765 ln
359 1739 466 1764 mare
498 1738 588 1765 cum
619 1726 713 1764 ssava
745 1727 966 1776 prorumpit
997 1725 1164 1776 Thybris
1195 1725 1362 1764 harena.

284 1785 608 1836 Faunigenaeque
642 1784 755 1823 domo
786 1786 936 1835 potitur
968 1790 1134 1834 nataque
1166 1783 1316 1836 Latini,

197 1851 264 1883 450
284 1843 369 1882 Non
402 1845 485 1881 sine
517 1843 638 1882 Marte
672 1848 830 1882 tamen.
868 1841 1015 1880 bellum
1047 1854 1136 1880 cum
1169 1849 1284 1893 gente
1317 1843 1438 1881 feroci

287 1902 508 1953 Suscipitur
526 1933 537 1953 ‚
562 1907 751 1952 pactaque
784 1901 879 1939 furit
909 1912 980 1951 pro
1014 1902 1178 1951 coniuge
1205 1900 1385 1940 Turnus.

285 1960 495 1999 Concurrit
526 1959 634 1998 Latio
667 1959 882 2010 Tyrrhenia
914 1965 1022 2010 tota,
1054 1959 1199 2009 diuque

285 2018 415 2057 Ardua
447 2018 623 2057 sollicitis
654 2019 816 2056 victoria
847 2018 1050 2068 quaeritur
1081 2019 1221 2056 armis.

285 2079 410 2127 Auget
440 2082 607 2127 uterque
640 2087 729 2115 suas
762 2082 924 2115 externo
956 2074 1098 2113 robore
1131 2077 1258 2116 vires:

199 2144 263 2174 455
285 2135 334 2174 Et
365 2134 478 2174 multi
508 2134 674 2173 Rutulos
693 2166 704 2187 ‚
736 2134 849 2173 multi
879 2133 1046 2172 Troiana
1077 2139 1238 2173 tuentur

286 2193 419 2232 Castra
439 2223 449 2233 .
487 2205 614 2244 neque
647 2193 796 2231 Aeneas
828 2191 1001 2231 Euandri
1032 2191 1078 2230 ad
1110 2191 1242 2231 limina
1274 2193 1442 2245 frustra,

285 2255 333 2290 At
363 2251 536 2291 Venulus
568 2252 715 2290 frustra
745 2251 902 2302 profugi
932 2249 1129 2288 Diomedis
1161 2250 1208 2288 ad
1240 2251 1381 2290 urbem

285 2309 480 2349 Venerat.
519 2309 581 2348 ille
615 2309 772 2360 quidem
803 2308 876 2348 sub
908 2308 1046 2359 Iapyge
1079 2310 1244 2348 maxima
1276 2309 1410 2348 Dauno
