1554 2563
553 78 621 113 XII
636 106 645 123 ,
673 82 781 113 132-
792 82 859 113 205
875 107 881 114 .
1021 91 1174 114 cunnus
1306 78 1391 120 243

165 188 262 228 Cum
295 190 351 228 sic
383 188 526 228 Nestor
557 190 639 228 ait:
671 185 816 228 ‘vestro
850 189 925 228 fuit
955 190 1097 228 unicus
1128 201 1221 228 aevo

79 255 144 287 170
166 246 421 299 Contemptor
454 248 549 286 ferri
580 246 766 298 nulloque
799 246 973 286 forabilis
1005 249 1086 287 ictu

165 305 350 357 Cygnus.
389 311 427 344 at
458 307 541 357 ipse
575 305 666 344 olim
698 307 913 357 patientem
939 305 1100 345 vulnera
1130 306 1236 345 mille

164 364 339 416 Corpore
372 376 450 403 non
482 364 586 403 laeso
619 364 888 403 Perrhaebum
920 364 1069 403 Caenea
1101 364 1203 417 vidi;

164 422 314 462 Caenea
346 422 613 462 Perrhaebum
633 455 644 475 ‚
678 425 744 474 qui
776 423 889 462 factis
920 423 1078 462 inclitus
1112 422 1263 474 Othryn

164 481 332 521 Incoluit
351 513 359 520 .
399 493 556 533 quoque
588 481 626 520 id
658 483 802 520 mirum
835 483 956 533 magis
989 487 1094 521 esset
1124 483 1165 521 in
1196 482 1284 534 illo,

78 547 144 580 175
166 539 325 579 Femina
356 546 471 579 natus
498 545 583 579 erat
602 536 627 579 .'
666 542 832 579 monstri
865 542 1035 580 novitate
1068 540 1252 580 feruntur

165 598 353 650 Quisquis
373 598 506 651 adest,
531 604 744 650 narretque
766 605 905 650 rogant
924 630 932 639 .
960 611 1058 650 quos
1078 601 1182 638 inter
1201 598 1393 640 Achilles:

166 656 250 696 ‘Dic
282 669 350 709 age
370 689 381 710 ‚
412 669 501 696 nam
534 659 686 697 cunctis
718 658 854 697 eadem
887 663 947 697 est
978 657 1112 697 audire
1144 657 1346 711 voluntas,

164 715 195 755 Ο
230 716 395 755 facunde
428 728 547 755 senex
566 748 576 768 ‚
609 717 692 755 aevi
722 716 932 768 prudentia
963 718 1110 769 nostri,

165 774 262 821 Quis
295 775 415 814 fuerit
446 774 652 827 Caeneus,
685 787 756 814 cur
787 776 827 814 in
860 776 1057 814 contraria
1089 787 1251 828 versus;

78 841 145 874 180
166 833 251 879 Qua
284 833 355 872 tibi
387 833 551 886 militia,
584 836 696 873 cuius
729 835 942 873 certamine
974 846 1128 886 pugnae

165 892 384 944 Cognitus3
417 905 437 931 a
471 904 547 943 quo
580 893 631 931 sit
663 893 788 931 victus
806 924 818 946 ‚
850 895 883 931 si
916 894 1041 932 victus
1074 891 1121 931 ab
1154 892 1233 932 ullo
1266 899 1326 932 est
1340 890 1364 931 .’

165 951 266 990 Tum
299 952 459 990 senior:
493 948 684 1002 equamvis
717 951 847 990 obstet
877 951 973 990 mihi
1004 951 1114 991 tarda
1145 957 1341 1004 vetustas,

164 1009 363 1060 Multaque
396 1022 457 1048 me
491 1010 641 1061 fugiant
672 1011 809 1061 primis
841 1015 1016 1062 spectata
1047 1009 1120 1050 sub
1153 1012 1288 1064 annis,

164 1068 282 1107 Plura
314 1074 443 1107 tamen
475 1070 663 1107 memini.
702 1080 776 1107 nec
808 1081 906 1120 quae
939 1069 1062 1119 magis
1093 1068 1253 1108 haereat
1283 1069 1371 1121 illa,

81 1135 147 1167 185
168 1126 335 1166 Pectore
367 1139 431 1166 res
465 1132 600 1166 nostro
633 1132 694 1166 est
724 1128 828 1166 inter
860 1127 1030 1178 bellique
1063 1126 1247 1179 domique

165 1185 260 1225 Acta
291 1191 377 1225 tot.
416 1197 459 1224 ac
486 1187 640 1237 siquem
670 1187 800 1237 potuit
831 1187 1001 1237 spatiosa
1033 1191 1217 1225 senectus

167 1244 438 1296 Spectatorem
470 1256 635 1296 operum
667 1244 883 1283 multorum
914 1244 1110 1298 reddere,
1141 1246 1218 1284 vixi

165 1303 298 1342 Annos
329 1302 390 1342 bis
422 1308 610 1355 centum3
642 1315 747 1342 nunc
778 1304 894 1342 tertia
926 1304 1069 1342 vivitur
1101 1309 1228 1343 aetas.

167 1361 277 1401 Clara
309 1361 451 1400 decore
484 1362 558 1400 suit
589 1361 720 1413 proles
752 1361 899 1400 Elateia
931 1361 1094 1414 Caenis,

84 1429 149 1460 190
170 1420 443 1459 Thessalidum
476 1421 584 1471 virgo
616 1420 911 1472 pulcherrima,
942 1432 1093 1471 perque
1124 1422 1364 1472 propinquas

165 1478 320 1530 Perque
346 1485 434 1518 tuas
459 1478 579 1517 urbes
600 1500 654 1506 -—
676 1478 746 1517 tibi
772 1480 877 1517 enim
896 1478 1120 1530 popularis,
1148 1479 1294 1518 Achille
1308 1511 1320 1531 ‚
1339 1501 1386 1507 —-

167 1537 382 1577 Multorum
415 1538 561 1576 frustra
592 1538 693 1576 votis
726 1543 855 1588 optata
886 1549 1122 1588 procorum.

166 1596 415 1648 Temptasset
446 1595 586 1635 Peleus
619 1595 808 1634 thalamos
841 1608 997 1646 quoque
1030 1596 1194 1635 forsitan
1226 1596 1336 1649 illos3

167 1654 245 1694 Sed
276 1657 353 1694 iam
384 1660 452 1694 aut
483 1656 729 1705 contigerant
760 1653 816 1693 illi
848 1654 1013 1693 conubia
1047 1656 1206 1707 matris,

83 1720 148 1754 195
168 1714 247 1753 Aut
277 1714 434 1753 fuerant
464 1714 657 1765 promissa
675 1745 686 1765 ‚
718 1719 836 1752 tuae.
875 1725 948 1752 nec
981 1712 1119 1752 Caenis
1151 1715 1192 1752 in
1223 1713 1324 1753 ullos

166 1771 359 1824 Denupsit
390 1771 606 1811 thalamos.
646 1777 876 1822 secretaque
907 1771 1021 1811 litora
1052 1784 1218 1824 carpens

167 1831 363 1882 Aequorei
394 1832 471 1869 vim
502 1842 616 1882 passa
648 1830 711 1870 dei
743 1836 832 1882 est;
863 1831 916 1869 ita
948 1831 1048 1869 fama
1080 1830 1252 1870 ferebat.

167 1889 296 1940 thue
330 1901 449 1928 novae
481 1888 644 1928 Veneris
675 1888 882 1940 Neptu-nus
913 1889 1053 1940 gaudia
1084 1891 1212 1940 cepit,

169 1945 288 1987 “Sint
321 1953 386 1987 tua
418 1952 506 1987 vota
536 1944 643 1987 licet'
676 1947 772 1986 dixit
805 1944 959 1986 ‘secura
990 1947 1195 1999 repulsae:

80 2014 148 2048 200
168 2006 300 2058 Elige,
326 2006 419 2058 quid
445 2006 589 2046 voveas
607 2002 648 2045 .''
675 2006 810 2045 eadem
829 2005 903 2044 hoc
925 2018 1081 2057 quoque
1102 2006 1201 2044 fama
1221 2005 1393 2046 ferebat.

168 2062 396 2117 “Magnum'
430 2064 568 2104 Caenis
601 2065 654 2103 ait
686 2061 793 2104 ‘facit
823 2064 920 2103 haec
950 2065 1094 2103 iniuria
1126 2070 1283 2118 votum,

171 2123 264 2162 Tale
295 2125 375 2175 pati
407 2123 462 2163 nil
493 2135 609 2175 posse
628 2154 639 2175 ,
671 2122 794 2162 mihi.
834 2123 909 2176 da,
942 2123 1084 2161 femina
1116 2135 1165 2162 ne
1198 2125 1294 2176 sim,

169 2181 308 2222 Omnia
338 2183 583 2234 praestiteris
604 2178 645 2220 .'’
683 2183 859 2233 graviore
893 2183 1102 2220 novissima
1134 2181 1232 2221 dixit

169 2240 294 2280 Verba
327 2253 422 2280 sono
442 2273 453 2294 ‚
484 2246 717 2293 poteratque
750 2241 822 2279 viri
854 2252 926 2278 vox
957 2239 1021 2279 illa
1053 2240 1200 2293 videri3

82 2306 149 2340 205
171 2299 282 2339 Sicut
307 2305 418 2340 erat.
451 2311 540 2339 nam
566 2301 641 2338 iam
667 2305 755 2338 voto
782 2298 878 2338 deus
905 2300 1086 2350 aequoris
1113 2299 1178 2338 alti
1226 2309 1254 2334 f.
1275 2306 1391 2333 clxxiv-

1041 2365 1112 2401 16*
