1554 2563
602 106 634 141 Il
651 134 660 151 ,
686 111 848 142 61—134
863 133 871 142 .
1025 119 1209 142 ammaon
1352 105 1410 147 25

189 215 389 269 Deprecor
419 216 494 256 hoc
525 229 677 270 unum,
708 216 813 268 quod
844 229 936 256 vero
968 217 1125 256 nomine
1156 228 1305 268 poena,

189 275 276 315 Non
289 275 416 314 honor
429 282 490 315 est
504 307 512 315 .
537 288 704 327 poenam
716 307 727 328 ‚
746 275 949 314 Phaethon
962 307 973 328 ‚
992 288 1064 327 pro
1078 287 1242 314 munere
1254 275 1409 328 poscis.

103 342 170 375 100
192 334 294 381 Quid
325 346 412 373 mea
443 334 540 373 colla
571 340 683 373 tenes
714 334 866 373 blandis
885 366 897 387 ,
927 336 1060 385 ignare
1079 366 1090 387 ,
1121 330 1318 373 lacertis?

188 393 246 433 Ne
278 392 441 445 dubita,
472 392 628 432 dabitur
660 415 715 421 —
748 393 899 445 Stygias
930 394 1144 432 iuravimus
1176 390 1322 432 undas!
1356 413 1410 419 —

191 451 474 503 Quodcumque
507 453 682 504 optaris.
721 451 790 491 sed
821 458 864 491 tu
896 453 1110 503 sapientius
1142 457 1232 503 opta
1246 448 1271 490 .'

189 511 364 550 Finierat
394 512 596 550 monitus.
634 510 749 550 dictis
780 516 911 550 tamen
936 510 1000 549 ille
1031 517 1248 562 repugnat,

188 569 519 621 Propositumque
551 571 695 621 premit
725 569 940 621 flagratque
973 569 1156 621 cupidine
1188 580 1353 608 currus.

103 635 169 668 105
189 628 293 680 Ergo
326 640 403 680 qua
433 628 573 680 licuit,
598 630 752 680 genitor
779 634 986 668 cunctatus
1006 660 1016 680 ‚
1048 627 1094 667 ad
1127 627 1224 666 altos

191 687 358 726 Deducit
388 688 570 726 iuvenem
589 718 600 740 ,
632 686 816 726 Vulcania
847 699 1011 726 munera
1029 718 1040 739 ‚
1072 698 1242 725 curruS.

190 747 344 785 Aureus
376 747 457 784 axis
488 751 602 798 erat,
632 752 736 784 temo
769 757 912 785 aureus
930 777 942 798 ‚
973 757 1091 784 aurea
1123 756 1295 784 summae

192 805 409 844 Curvatura
440 810 548 843 rotae
568 836 579 856 ‚
610 804 809 843 radiorum
842 809 1051 856 argenteus
1084 804 1202 842 ordo.

190 864 267 903 Per
297 865 387 915 iuga
419 862 647 914 chrysolithi
677 865 906 914 positaeque
939 875 986 901 ex
1018 862 1154 901 ordine
1187 873 1361 913 gemmae

105 930 171 962 110
192 922 302 962 Clara
333 934 567 974 repercusso
599 921 815 960 reddebant
844 922 991 961 lumina
1021 920 1204 960 Phoebo.

191 981 370 1032 Dumque
403 993 447 1020 ea
478 982 747 1032 magnanimus
778 980 981 1019 Phaethon
1011 981 1176 1018 miratur
1208 991 1384 1030 opusque

192 1040 389 1091 Perspicit
406 1071 418 1092 ,
450 1052 542 1079 ecce
573 1039 664 1090 vigil
695 1039 814 1078 rutilo
846 1039 1032 1090 patefecit
1063 1037 1110 1076 ab
1136 1044 1226 1077 ortu

192 1098 418 1150 Purpureas
450 1098 600 1137 Aurora
632 1099 736 1136 fores
769 1103 808 1136 et
838 1097 952 1149 plena
983 1108 1163 1135 rosarum

192 1159 327 1196 Atria.
366 1157 575 1208 diffugiunt
606 1156 738 1196 stellae
758 1188 769 1208 ‚
802 1168 968 1207 quarum
999 1157 1152 1207 agmina
1184 1156 1288 1207 cogit

108 1224 171 1255 115
193 1216 381 1268 Lucifer,
413 1222 452 1255 et
483 1215 579 1255 caeli
610 1217 778 1255 statione
810 1216 1046 1254 novissimus
1079 1216 1180 1253 exit.

193 1275 319 1321 Quem
349 1280 485 1326 petere
517 1280 562 1313 ut
591 1280 718 1313 terras
749 1273 1020 1324 mundumque
1052 1272 1266 1312 rubescere
1299 1272 1416 1325 vidit,

193 1333 428 1384 Cornuaque
460 1339 657 1372 extremae
689 1332 795 1372 velut
819 1344 1053 1371 evanescere
1084 1331 1224 1371 lunae:

194 1392 360 1443 Iungere
392 1404 515 1443 equos
546 1392 660 1431 Titan
691 1390 890 1430 velocibus
921 1392 1088 1442 imperat
1118 1389 1257 1429 Horis.

194 1451 303 1490 Iussa
335 1450 429 1490 deae
462 1450 611 1489 celeres
642 1456 865 1502 peragunt,
895 1451 1105 1501 ignemque
1137 1453 1340 1487 vomentes

107 1518 175 1550 120
195 1508 423 1548 Ambrosiae
457 1521 552 1548 suco
585 1515 740 1547 saturos
771 1507 1027 1560 praesepibus
1060 1507 1147 1546 altis

195 1567 478 1619 Quadrupedes
510 1567 660 1606 ducunt
691 1566 916 1617 adduntque
949 1567 1125 1604 sonantia
1156 1565 1288 1604 frena.

194 1627 296 1666 Tum
327 1632 439 1678 pater
470 1638 539 1665 ora
570 1628 632 1665 sui
664 1637 775 1664 sacro
808 1625 1065 1664 medicamine
1097 1625 1178 1663 nati

196 1685 370 1736 Contigit
400 1691 440 1724 et
470 1684 627 1736 rapidae
660 1685 754 1723 fecit
784 1685 970 1735 patientia
1001 1682 1201 1735 flammae,

196 1744 453 1796 Inposuitque
486 1755 619 1782 comae
651 1742 780 1781 radios
799 1774 810 1795 ‚
840 1753 1104 1793 praesagaque
1136 1741 1266 1781 luctus

109 1810 175 1842 125
194 1803 361 1842 Pectore
394 1802 560 1841 sollicito
592 1807 777 1853 repetens
809 1801 978 1852 suspifia
1009 1800 1128 1838 dixit:

63 1857 65 1859 ’
197 1859 255 1901 ‘Si
285 1867 398 1913 potes
428 1861 490 1900 his
522 1860 658 1900 saltem
689 1861 848 1899 monitis
879 1870 1019 1910 parere
1051 1859 1249 1910 paternis,

199 1920 321 1959 Parce
341 1951 352 1973 ‚
383 1932 483 1972 puer
502 1951 514 1972 ‚
545 1919 714 1959 stimulis
732 1950 743 1971 ,
776 1925 815 1957 et
846 1918 987 1956 fortius
1019 1923 1133 1955 utere
1166 1916 1284 1955 loris.

198 1979 346 2030 Sponte
378 1991 448 2017 sua
478 1983 720 2030 properant:
752 1976 861 2016 labor
893 1982 954 2015 est
982 1974 1160 2014 inhibere
1192 1974 1391 2014 volentes.

196 2037 278 2076 Nec
309 2037 381 2076 tibi
412 2037 584 2076 directos
614 2037 765 2088 placeat
795 2037 855 2074 via
887 2035 1061 2086 quinque
1092 2045 1164 2085 per
1194 2045 1333 2073 arcusa

113 2104 180 2136 130
202 2095 342 2135 Sectus
374 2097 415 2134 in
447 2095 650 2147 obliquum
682 2101 742 2136 est
772 2093 848 2133 lato
882 2093 1107 2132 curvamine
1138 2091 1274 2145 limes,

198 2154 472 2205 Zonarumque
503 2155 624 2193 trium
656 2158 864 2192 contentus
896 2152 971 2190 fine
1003 2150 1216 2202 polumque

198 2212 346 2264 Effugit
377 2212 588 2252 australem
619 2213 871 2262 iunctamque
903 2208 1151 2261 aquilonibus
1182 2209 1350 2248 Arcton.

198 2271 279 2310 Hac
311 2272 363 2311 sit
392 2273 467 2311 iter
487 2301 496 2311 .
534 2270 742 2310 manifesta
773 2276 882 2308 rotae
914 2269 1076 2319 vestigia
1108 2279 1270 2307 cernes.

199 2329 328 2382 thue
359 2330 488 2369 ferant
519 2341 665 2381 aequos
696 2334 736 2368 et
767 2327 918 2367 caelum
948 2331 986 2366 et
1012 2332 1119 2366 terra
1150 2325 1323 2378 calores,
