1554 2563
180 115 262 156 298
350 129 464 150 ARDEA
479 143 486 150 .
512 128 643 149 AENEAS
727 114 939 149 METAMM

208 233 275 264 570
295 226 375 263 Nec
409 230 609 276 sceptrum
641 226 797 277 soceri,
830 237 902 263 nec
934 231 972 263 te
992 256 1002 276 ‚
1034 223 1190 264 Lavinia
1223 226 1354 278 virgo,

296 283 370 322 Sed
404 284 542 321 vicisse
576 289 744 336 petunt,
775 282 1073 334 deponendique
1106 284 1254 335 pudore

294 341 398 380 Bella
430 349 600 393 gerunt.
639 341 872 392 tandemque
904 340 1034 380 Venus
1066 343 1239 381 victricia
1270 344 1349 382 nati

294 401 409 438 Arma
448 399 580 452 videt,
612 399 849 451 Turnusque
891 399 1021 439 cadit:
1054 400 1156 439 cadit
1194 400 1317 439 Ardea
1337 433 1347 453 ‚
1373 401 1510 447 ¹Turno

295 459 449 509 Sospite
476 458 578 497 dicta
604 464 744 510 potens
765 490 773 497 .
813 471 928 509 quam
954 465 1160 510 postquam
1187 458 1386 498 Dardanus
1413 462 1511 508 ignis

207 525 274 556 575
295 517 493 569 Abstulit,
526 524 565 556 et
598 517 726 568 tepida
758 517 958 556 latuerunt
991 523 1091 556 tecta
1126 517 1274 569 savina,

295 576 484 626 Congerie
505 588 525 614 e
546 575 671 614 media
693 583 774 614 tum
794 578 962 627 primum
984 577 1137 626 cognita
1157 588 1320 627 praepes
1340 586 1368 610 r.
1386 585 1512 612 cxcviis.

296 634 481 679 Subvolat
499 666 509 687 ‚
542 640 581 673 et
612 636 764 673 cineres
797 635 942 686 plausis
975 633 1178 673 everberat
1209 634 1301 674 alis.

294 692 344 731 Et
375 705 495 731 sonus
528 699 566 731 et
597 695 740 732 macies
773 699 812 732 et
842 692 965 744 pallor
998 699 1036 731 et
1068 694 1225 746 omnia,
1259 700 1408 744 captam

296 751 401 797 Quae
434 751 598 790 deceant
629 751 767 790 urbem
786 783 796 803 ‚
828 763 970 790 nomen
1010 763 1165 803 quoque
1207 754 1349 791 mansit
1379 754 1419 791 in
1453 752 1512 791 illa

208 817 275 848 580
294 804 440 861 Urbis;
473 817 512 849 et
543 811 625 861 ipsa
659 811 739 848 suis
772 809 1017 861 deplangitur
1049 810 1174 849 Ardea
1206 812 1365 861 pennis.

353 868 511 919 Iamque
543 868 636 907 deos
669 881 805 907 omnes
836 870 1038 919 ipsamque
1069 869 1212 907 Aeneia
1244 871 1366 908 virtus

296 927 486 966 Iunonem
517 934 670 966 veteres
703 928 815 965 finire
848 931 1030 978 coegerat
1061 928 1161 966 iras:

296 985 422 1038 Cum,
455 985 553 1024 bene
588 986 759 1024 fundatis
792 985 932 1037 opibus
964 987 1177 1024 crescentis
1209 985 1304 1038 Iuli,

295 1044 566 1095 Tempestivus
599 1051 683 1083 erat
714 1043 820 1082 caelo
853 1043 1084 1095 Cythereius
1116 1044 1255 1083 heros.

207 1110 273 1140 585
295 1103 571 1154 Amhieratque
604 1102 734 1142 Venus
767 1115 961 1155 superos,
994 1102 1170 1153 colloque
1205 1105 1377 1154 parentis

296 1161 540 1200 Circumfusa
573 1163 634 1200 sui
667 1158 894 1212 ‘numquam
926 1158 1036 1200 mihi'
1069 1161 1219 1200 dixerat
1251 1159 1342 1200 eullo

295 1220 488 1271 Tempore
523 1220 619 1258 dure
651 1225 762 1271 pater
781 1251 791 1271 ‚
824 1232 928 1258 nunc
961 1221 1014 1258 sis
1046 1221 1305 1273 mitissimus,
1339 1226 1454 1272 opto:

294 1280 524 1328 Aeneaeque
558 1290 644 1316 meo
665 1309 675 1329 ,
708 1280 774 1328 qui
807 1285 843 1316 te
877 1278 923 1316 de
957 1280 1144 1329 sanguine
1177 1284 1312 1317 nostro

294 1337 403 1375 Fecit
434 1348 576 1388 avum,
609 1338 784 1387 quamvis
810 1348 973 1388 parvum
1005 1336 1102 1389 des,
1135 1338 1281 1388 optime
1301 1368 1311 1388 ‚
1343 1349 1513 1388 numen,

206 1402 273 1433 590
294 1394 510 1434 Dummodo
544 1395 612 1433 des
644 1394 827 1445 aliquod.
867 1396 960 1433 satis
993 1401 1053 1433 est
1083 1394 1288 1433 inamabile
1318 1407 1482 1446 regnum

293 1455 499 1505 Aspexisse
533 1453 682 1505 semel,
715 1453 868 1504 Stygios
901 1452 1021 1491 semel
1052 1455 1128 1492 isse
1161 1465 1231 1504 per
1263 1465 1397 1493 amnes
1413 1451 1436 1492 .'

291 1514 504 1551 Assensere
538 1511 628 1563 dei3
661 1523 733 1550 nec
766 1513 935 1550 coniunx
967 1513 1072 1562 regia
1103 1511 1231 1550 vultus

293 1571 464 1609 inmotos
497 1571 654 1622 tenuit,
685 1570 915 1621 placatoque
949 1572 1086 1609 annuit
1116 1582 1207 1609 ore.

292 1629 392 1667 Tum
424 1634 535 1680 pater
568 1625 694 1667 ‘estis'
726 1630 779 1667 ait
812 1626 985 1667 ‘caelesti
1017 1640 1180 1667 munere
1213 1628 1341 1680 digni,

208 1695 271 1727 595
293 1687 479 1738 Quaeque
512 1688 611 1738 petis
630 1718 641 1739 ,
673 1699 744 1738 pro
778 1699 933 1738 quoque
966 1689 1066 1738 petis
1087 1718 1095 1726 .
1134 1699 1227 1738 cape
1247 1719 1257 1739 ,
1290 1694 1377 1726 nata
1396 1719 1406 1739 ‚

1232 1745 1333 1796 quod
1366 1742 1511 1796 optas?

292 1805 410 1843 Fatus
442 1811 553 1843 erat.
593 1803 763 1856 gaudet,
795 1810 1004 1854 gratesque
1037 1805 1115 1855 agit
1140 1803 1203 1842 illa
1234 1806 1411 1855 parenti:

293 1863 445 1914 Perque
477 1863 581 1901 leves
613 1874 727 1901 auras
758 1863 901 1901 iunctis
933 1863 1085 1901 invecta
1117 1861 1306 1901 columbis

293 1920 402 1960 Litus
435 1921 513 1960 adit
544 1920 719 1960 Laurens
738 1952 748 1972 ,
780 1920 848 1959 ubi
879 1927 1007 1959 tectus
1039 1920 1257 1959 harundine
1290 1922 1412 1972 serpit

292 1980 335 2018 ln
368 1980 466 2018 sreta
497 1980 693 2018 flumineis
725 1980 849 2018 vicina
880 1978 1083 2017 Numicius
1115 1978 1253 2017 undis.

205 2046 272 2077 600
292 2037 406 2077 Hunc
438 2037 547 2077 iubet
578 2038 730 2076 Aeneae
763 2049 1033 2088 quaecumque
1066 2036 1231 2075 obnoxia
1263 2038 1404 2089 morti,

291 2096 459 2135 Abluere
492 2104 530 2135 et
562 2097 679 2134 tacito
713 2095 867 2134 deferre
899 2095 971 2134 sub
1004 2106 1173 2145 aequora
1205 2107 1346 2133 cursu.

293 2154 500 2205 [Corniger
533 2155 762 2204 exsequitur
794 2152 956 2192 Veneris
987 2153 1195 2206 mandata,
1227 2155 1387 2204 suisque

293 2212 487 2263 Quicquid
520 2214 559 2251 in
592 2213 720 2251 Aenea
752 2212 880 2251 suerat
910 2211 1072 2250 mortale
1091 2243 1102 2264 ,
1134 2219 1320 2262 repurgat

292 2270 341 2309 Et
373 2273 563 2322 respersit
596 2272 706 2321 aquis
727 2301 735 2309 .
773 2282 864 2321 pars
896 2272 1042 2321 optima
1073 2271 1220 2308 restitit
1249 2270 1305 2308 illi
1319 2268 1345 2319 .]

203 2335 269 2366 605
292 2327 517 2368 Lustratum
549 2330 726 2380 genetrix
759 2328 888 2367 divino
921 2340 1064 2380 corpus
1097 2328 1216 2366 odore
1358 2336 1386 2363 f.
1406 2337 1508 2362 cxcix.
