1523 2568
1349 101 1411 136 VI]

76 214 314 264 scripturam
346 213 499 251 Heinsii
530 214 724 252 revocavi.
774 213 831 251 ita
863 213 966 251 enim
1003 212 1148 262 legisse
1181 211 1328 250 Seneca
1358 212 1412 249 vi-

75 273 202 323 detur,
234 274 302 322 qui
333 272 426 310 Nat.
448 284 511 320 qu.
538 279 572 309 II
594 272 647 310 28
682 272 725 310 3:
758 271 846 315 lato,
876 274 919 310 ut
949 272 1004 310 ita
1034 271 1170 313 dicam,
1202 271 1280 308 ictu
1305 273 1338 308 et
1363 273 1413 307 to-

75 335 154 370 tum
181 332 334 380 ylobum
364 330 478 369 simul
509 330 718 378 dissipante
749 341 843 378 opu-s
875 333 945 372 est,
976 332 1019 367 ut
1048 330 1194 367 sonitus
1227 331 1412 376 erumpat,

73 391 200 438 qualis
224 391 394 432 auditur,
426 400 511 427 cum
539 391 652 428 tonat.
696 388 802 426 idem
827 391 961 426 autem
987 400 1087 436 quae
1115 388 1274 436 scripsit
1298 387 1412 424 initio

74 461 105 486 c.
136 457 251 487 XXVI
283 448 332 486 de
363 447 516 496 origine
546 447 750 496 imbrium,
788 446 904 484 valde
936 446 1097 483 dubiam
1134 446 1231 483 mihi
1263 446 1415 484 faciunt

75 507 369 556 correctionem,
396 517 514 555 quam
540 518 575 543 v.
597 507 679 544 269
714 505 816 555 dedi,
848 511 1034 543 INCLUSI
1060 506 1190 547 nimbi,
1218 504 1414 553 explicant

75 565 174 603 illud
215 566 320 614 hinc,
363 564 466 614 quod
504 563 545 601 in
580 564 748 613 vulgata
785 564 982 612 scriptura
1020 563 1123 600 male
1161 575 1224 601 me
1261 563 1413 601 habuit.

75 624 195 662 velim
226 623 351 662 deleri
382 622 647 660 coniecturam
679 623 907 671 ceteroquin
939 621 1066 660 solitis
1100 622 1253 660 scribae
1284 622 1324 659 M
1357 633 1414 659 er·

75 682 231 721 roribus
264 682 362 720 satis
394 681 597 719 munitam.
735 676 821 718 405
855 688 941 719 SED
975 688 1054 718 nri
1088 687 1171 719 EST
1205 688 1267 718 me
1300 688 1413 718 MAR-

74 748 202 779 MORE
231 747 426 779 conrms
448 760 501 765 —-
524 747 687 778 smms.
736 747 820 778 as'r
855 740 938 777 sine
968 738 1082 776 libris
1113 739 1260 776 inserui
1290 751 1334 777 eo
1360 739 1414 777 lo-

75 812 138 850 co,
178 811 254 848 quo
287 800 349 837 est
379 799 420 835 in
450 810 569 836 versu
601 806 688 836 XIII
710 799 806 837 135.
855 800 1014 846 poterat
1045 797 1184 836 abesse
1216 798 1288 835 hoc
1319 797 1414 846 loco,

75 858 125 907 si,
166 861 211 896 ut
247 858 289 895 in
325 857 393 894 illo
431 857 495 894 vel
526 864 579 894 ΙΙΙ
607 858 707 905 178,
739 865 801 895 XV
825 858 919 905 170,
958 856 1105 894 nudum
1143 856 1415 905 praedicatum

75 919 196 955 esset:
235 915 304 954 sed
339 915 518 954 iunctum
556 917 618 953 est
654 915 788 954 dativo
826 916 1049 964 possessivo
1087 917 1230 962 seyme,-
1267 915 1315 952 ab
1349 915 1416 952 ad-

74 975 217 1014 iectivo
248 975 446 1013 simillima
476 986 555 1012 non
585 974 665 1023 hic,
703 973 772 1012 sed
810 974 971 1012 rudibus
1007 974 1165 1022 pendet.
1215 985 1334 1022 quam
1365 973 1415 1011 ob

75 1046 157 1072 rem
183 1045 366 1071 rasuram
397 1033 438 1069 in
462 1032 502 1069 M
528 1035 629 1079 cept.
648 1061 656 1069 .
671 1060 679 1069 .
711 1044 790 1070 non
816 1032 998 1081 supplevi
1023 1032 1221 1081 scriptura
1246 1032 1414 1069 aliorum

73 1092 285 1141 librorum,
329 1103 448 1140 quam
492 1102 630 1128 manus
669 1090 839 1128 secunda
874 1091 916 1128 in
952 1091 1067 1128 illum
1103 1091 1256 1139 intulit,
1302 1103 1414 1128 eraso

75 1150 237 1200 scilieet,
264 1149 369 1199 quod
387 1149 529 1187 leviori
549 1161 669 1198 opera
688 1149 835 1198 corrigi
854 1161 933 1187 non
952 1151 1097 1198 posset.
1170 1145 1258 1187 470
1284 1148 1413 1193 QUOD

76 1216 233 1259 FACIT,
270 1215 500 1246 HAMATUM
539 1215 636 1246 EST.
693 1211 875 1246 auratum
913 1211 966 1246 est
1004 1207 1098 1245 libri
1136 1219 1283 1246 omnes.
1334 1220 1415 1246 cor-

75 1268 197 1306 rectio
231 1267 376 1305 certior
407 1266 579 1304 fortasse
611 1266 829 1305 Heinsiana
859 1275 889 1304 v
911 1267 978 1315 80,
1010 1266 1078 1304 ubi
1110 1266 1150 1303 M
1195 1271 1415 1315 ..ammoto‚

76 1327 171 1365 olim
202 1326 286 1364 sine
317 1325 436 1362 dubio
468 1325 666 1363 hammoto.
716 1327 908 1374 perpetuo
946 1325 1009 1362 hic
1041 1325 1170 1362 scriba
1200 1325 1346 1374 ineptit
1376 1325 1416 1363 in

76 1384 281 1423 adicienda
311 1387 381 1422 aut
412 1383 657 1421 detrahenda
693 1396 740 1423 ea
776 1384 922 1422 littera.
973 1383 1093 1421 etiam
1124 1392 1158 1420 II
1181 1385 1263 1422 799
1297 1386 1337 1422 et
1368 1393 1415 1422 IV

78 1444 162 1481 720
201 1442 310 1481 dedit
352 1444 509 1490 amatis,
547 1454 644 1481 amo.
699 1443 906 1492 vulgatam
949 1455 1027 1480 non
1069 1444 1205 1479 tuetur
1243 1450 1310 1479 VII
1333 1444 1413 1480 673

75 1502 256 1551 iaculum,
288 1503 396 1540 cuius
420 1502 496 1548 fuit
519 1512 641 1539 aurea
667 1503 815 1550 cuspis,·
848 1503 890 1539 at
921 1500 1237 1539 emendationem
1268 1510 1298 1539 V
1319 1502 1416 1551 384,

76 1561 257 1609 Propert.
283 1568 336 1598 111
359 1561 409 1597 12
447 1561 469 1597 9
496 1559 644 1608 Haupt.
753 1555 851 1608 545,
877 1555 959 1598 547
988 1560 1117 1608 recepi
1138 1572 1237 1607 quae
1263 1560 1303 1597 in
1327 1572 1417 1609 pro-

77 1618 207 1658 ecdosi
250 1618 476 1668 posthabui.
537 1630 616 1656 non
653 1620 715 1656 est
751 1618 956 1667 probabile
995 1618 1123 1655 solum
1155 1618 1331 1655 Peneum
1361 1619 1417 1656 in-

76 1680 261 1716 vocatum
293 1677 467 1716 voluisse
498 1682 668 1727 poetam,
701 1689 724 1714 a
755 1678 869 1726 patre
901 1676 1022 1714 filiam
1053 1678 1249 1714 mutatam
1280 1677 1416 1715 fuisse.

77 1736 279 1774 Tellurem
310 1738 380 1774 aut
411 1734 645 1773 crediderim
677 1735 926 1784 desumptam
952 1748 998 1772 ex
1023 1735 1166 1773 Aesch.
1188 1735 1417 1774 Promethei

79 1808 139 1833 vv.
161 1795 243 1833 565
279 1795 360 1832 581
391 1794 452 1843 H,
473 1806 590 1843 quam
609 1794 788 1831 fabulam
806 1794 997 1843 relegisse
1017 1806 1108 1831 eum
1129 1795 1287 1843 oportet
1310 1797 1416 1832 ante-

77 1865 196 1902 quam
227 1865 387 1891 versum
418 1852 560 1890 abhinc
592 1853 830 1902 vigesimum
861 1852 1145 1901 conscriberet,
1182 1855 1252 1890 aut
1284 1865 1331 1890 ex
1362 1853 1416 1890 fa-

76 1912 173 1949 bula
202 1911 467 1960 Antiochena,
505 1923 623 1960 quam
661 1911 781 1949 habet
812 1911 978 1949 Nonnus
1010 1911 1125 1948 Dion.
1157 1919 1311 1948 XXXIII
1334 1912 1416 1949 214

78 1965 256 2022 (Mauro,
293 1970 424 2008 Aetna
455 1983 491 2018 p.
518 1965 605 2021 43).
786 1967 871 2007 640
902 1977 1068 2008 merus
1102 1977 1323 2016 NOVAQUE
1356 1978 1416 2008 U'r

79 2036 339 2067 coxspssxrr
386 2036 434 2066 m
474 2036 604 2066 UNDA
647 2028 848 2067 CORNUA.
910 2030 1018 2076 ripas
1063 2028 1168 2066 libri.
1226 2028 1417 2066 tuendum

79 2099 180 2137 reor,
212 2087 316 2136 quod
346 2099 460 2125 nemo
492 2087 661 2136 probare
693 2099 823 2125 ausus.
872 2088 991 2125 rictus
1016 2089 1057 2124 et
1081 2098 1226 2124 cornua
1251 2087 1418 2125 redeunt

79 2159 141 2184 vv.
169 2147 253 2184 740
286 2147 387 2184 741:
419 2147 538 2184 rictus
569 2147 673 2184 bovis
704 2148 765 2184 est
797 2145 902 2194 apud
933 2145 1105 2183 Plinium
1136 2145 1229 2183 Nat.
1262 2146 1299 2182 h.
1332 2154 1416 2183 VIII

81 2206 152 2243 74:
183 2205 311 2243 vultus
343 2206 377 2242 et
407 2215 552 2242 cornua
575 2205 670 2242 vidit
693 2206 735 2242 in
758 2205 866 2242 unda
891 2204 1012 2242 etiam
1036 2204 1215 2242 Actaeon
1247 2212 1299 2241 111
1322 2205 1417 2243 200.

34 2283 37 2285 >
79 2265 272 2312 quantum
304 2262 486 2301 accedere
519 2264 686 2311 putatur
716 2262 926 2300 tenerioris
953 2263 1117 2301 affectus
1144 2274 1190 2300 ex
1217 2263 1418 2311 anaphora

78 2321 267 2371 vulgatae
300 2333 385 2370 scr.‚
416 2323 572 2359 tantum
604 2321 758 2370 deperit
789 2333 836 2359 ex
865 2322 1106 2360 narrationis
1132 2321 1306 2369 partium
1332 2332 1417 2359 con·
