1554 2563
99 113 184 155 216
341 125 496 147 onrmms
651 110 865 145 METAMM
879 139 887 146 .

130 231 196 263 725
217 223 319 262 Iuris
352 226 469 261 erunt
488 217 513 260 τ’
546 220 643 260 dixit
674 217 820 259 ‘luctus
852 221 1091 259 monimenta
1124 219 1336 260 manebunt

217 283 381 332 Semper
400 312 411 333 ‚
442 280 596 333 Adoni,
627 281 733 331 mei3
766 281 1011 330 repetitaque
1044 281 1181 318 mortis
1212 281 1338 331 imago

216 342 354 379 Annua
384 339 582 391 plangoris
614 345 774 389 peraget
806 338 1049 376 simulamina
1081 339 1229 377 nostri.

217 400 266 437 At
297 410 415 437 cruor
446 399 487 436 in
519 397 656 436 florem
689 396 904 435 mutabitur
924 428 932 435 .
970 409 1019 435 an
1051 396 1121 435 tibi
1153 396 1347 447 quondam

216 458 423 496 Femineos
455 462 563 495 artus
596 458 635 494 in
667 456 816 494 olentes
849 461 1003 494 vertere
1035 455 1237 508 menthas,
1315 463 1439 490 t.01v1.

132 525 197 556 730
217 515 469 566 Persephone
489 546 501 567 ,
532 515 672 567 licuit,
702 514 815 553 nobis
848 513 1053 565 Cinyreius
1085 513 1201 552 heros

216 574 386 614 Invidiae
419 579 593 612 mutatus
624 574 700 612 erit
719 570 771 612 ?''
805 574 861 611 sic
893 573 969 611 fata
1001 584 1183 611 cruorem

217 634 385 672 Nectare
416 633 578 671 odorato
611 633 787 684 spargit3
819 633 887 682 qui
918 637 1044 670 tactus
1076 631 1123 670 ab
1154 631 1219 670 illo

218 692 408 731 Intumuit
440 693 525 743 sic,
557 696 601 730 ut
631 691 763 742 pluvio
795 690 997 741 perlucida
1029 690 1134 728 caelo

219 751 390 801 Surgere
422 749 526 788 bulla
558 749 685 788 solet.
723 761 796 788 nec
828 749 943 800 plena
973 748 1126 799 longior
1158 749 1252 787 hora
1301 758 1332 784 t.
1354 758 1442 784 clvii.

132 817 196 849 7:25
217 810 335 848 Facta
360 820 468 848 mora
495 813 577 861 est,
605 819 695 847 cum
719 807 791 846 fios
818 807 865 846 de
893 808 1081 858 sanguine
1102 807 1286 846 concolor
1313 813 1443 861 ortus,

219 868 411 920 Qualem,
444 879 542 917 quae
574 867 680 905 lento
713 866 841 905 celant
873 865 946 904 sub
979 867 1126 905 cortice
1158 879 1346 919 granum,

218 927 366 965 Punica
403 926 508 964 ferre
541 925 696 964 solent.
740 924 870 964 brevis
902 931 962 963 est
994 930 1123 963 tamen
1156 937 1251 964 usus
1283 927 1323 964 in
1354 925 1442 965 illo:

217 985 394 1035 Namque
426 984 525 1022 male
557 984 785 1023 haerentem
817 990 857 1022 et
888 984 1005 1022 nimia
1037 983 1191 1023 levitate
1224 984 1412 1024 caducum

217 1043 434 1084 Excutiunt
463 1043 597 1096 idem,
629 1044 697 1094 qui
728 1048 929 1094 praestant
960 1044 1117 1081 nomina
1135 1074 1147 1093 ,
1180 1044 1284 1082 venti
1299 1040 1322 1082 .'

465 1237 650 1291 LIBER
686 1236 1046 1291 UNDEOIMUS
1067 1277 1079 1287 .

219 1338 399 1377 Carmine
431 1335 526 1375 dum
558 1336 624 1374 tali
656 1335 771 1374 silvas
802 1336 1030 1386 animosque
1064 1336 1236 1375 serarum

218 1396 426 1434 Threicius
458 1401 565 1433 vates
598 1399 638 1432 et
668 1406 758 1432 saxa
790 1396 993 1445 sequentia
1025 1394 1156 1447 ducit,

218 1454 322 1494 Ecce
354 1465 477 1493 nurus
511 1452 728 1505 Ciconum,
760 1459 885 1491 tectae
917 1453 1111 1504 lymphata
1143 1453 1278 1492 ferinis

218 1513 384 1552 Pectora
417 1511 626 1550 velleribus
645 1543 656 1564 ‚
687 1511 829 1550 tumuli
860 1511 907 1549 de
939 1512 1085 1550 vertice
1117 1518 1285 1551 cernunt

179 1580 198 1610 f>
220 1571 376 1623 Orphea
407 1572 608 1622 percussis
640 1572 854 1609 sociantem
886 1571 1057 1608 carmina
1089 1572 1241 1608 nervis.

218 1630 249 1668 E
282 1630 426 1681 quihus
459 1641 534 1667 una
553 1661 565 1681 ,
594 1628 699 1667 leves
731 1630 872 1667 iactato
906 1630 1014 1667 crine
1045 1640 1117 1680 per
1148 1641 1286 1681 auras,

220 1686 295 1727 ‘En
314 1685 340 1741 ‚⁹
373 1690 425 1726 ait
458 1685 522 1725 ‘en
554 1687 618 1726 hic
650 1694 710 1725 est
741 1688 866 1725 nostri
899 1693 1146 1738 contemptor
1165 1684 1190 1727 l'
1223 1694 1262 1727 et
1294 1687 1443 1727 hastam

219 1746 325 1785 Vatis
356 1746 548 1797 Apollinei
581 1745 725 1784 vocalia
757 1747 862 1784 misit
893 1747 933 1784 in
965 1758 1056 1798 ora,

220 1806 328 1850 Quae
360 1805 462 1843 foliis
494 1810 676 1855 praesuta
709 1810 840 1843 notam
872 1805 956 1842 sine
988 1804 1149 1843 vulnere
1181 1805 1296 1844 fecit.

160 1873 200 1903 10
220 1864 391 1902 Alterius
424 1863 545 1901 telum
577 1862 673 1914 lap-is
706 1869 795 1914 est,
827 1864 894 1913 qui
927 1864 1070 1901 missus
1101 1865 1141 1901 in
1174 1864 1258 1914 ipso

219 1924 319 1961 Aere
352 1928 546 1960 concentu
578 1922 704 1960 victus
735 1922 920 1971 vocisque
951 1921 1134 1972 lyraeque
1167 1929 1250 1973 est,

220 1981 273 2019 Ac
305 1980 425 2019 veluti
457 1979 621 2031 supplex
652 1992 724 2030 pro
757 1985 835 2018 tam
868 1978 1071 2018 furialibus
1104 1981 1208 2018 ausis

220 2043 318 2077 Ante
350 2038 470 2090 pedes
502 2040 648 2077 iacuit.
688 2037 756 2076 sed
789 2039 892 2077 enim
924 2040 1131 2076 temeraria
1163 2045 1348 2078 crescunt

220 2097 353 2149 Bella,
385 2095 603 2147 modusque
636 2095 758 2148 abiit,
790 2098 1003 2146 insanaque
1035 2102 1173 2147 regnat
1202 2096 1366 2148 Erinys.

159 2163 199 2194 15
221 2155 448 2206 Cunctaque
479 2155 556 2193 tela
589 2155 718 2193 forent
749 2162 866 2193 cantu
898 2154 1073 2194 mollita:
1105 2155 1174 2194 sed
1206 2157 1343 2207 ingens

221 2213 374 2251 Clamor
407 2219 446 2251 et
475 2214 642 2252 infracto
675 2213 905 2264 Berecyntia
936 2213 1029 2251 tibia
1060 2225 1185 2252 cornu

219 2271 496 2322 Tympanaque
529 2278 568 2310 et
602 2271 763 2322 plausus
794 2277 834 2310 et
864 2270 1029 2310 Bacchei
1061 2271 1232 2311 ululatus

220 2328 489 2381 Obstrepuere
522 2342 617 2368 sono
651 2329 821 2368 citharae
842 2359 850 2368 .
888 2336 973 2368 tum
1004 2330 1173 2378 deniq-ue
1207 2343 1295 2370 saxa
