1554 2563
574 116 625 151 IV
638 143 649 159 ,
675 119 859 151 578—647
876 144 883 151 .
966 129 1113 151 PERSEUS
1128 144 1135 152 .
1162 129 1270 150 Arnas
1344 115 1399 157 83

180 225 353 278 Persea,
385 238 502 277 quem
533 225 663 278 pluvio
695 224 824 264 Danae
857 232 1091 277 conceperat
1122 238 1239 265 auro.

178 284 265 324 Mox
297 290 427 324 tamen
458 285 653 323 Acrisium
672 315 683 335 ,
714 289 820 322 tanta
852 290 914 323 est
942 286 1162 335 praesentia
1193 285 1300 337 veri,

177 342 274 382 Tam
304 343 468 382 violasse
499 342 617 382 deum
649 354 764 393 quam
796 354 874 382 non
905 355 1070 394 agnosse
1102 348 1285 395 nepotem

177 401 386 442 Paenitet.
423 403 617 453 inpositus
648 403 725 440 iam
757 400 864 440 caelo
896 407 957 440 est
986 401 1084 440 alter
1103 432 1112 440 .
1150 408 1190 440 at
1220 401 1317 441 alter

91 468 157 500 615
177 459 333 512 Viperei
365 461 542 500 referens
574 460 742 511 spolium
773 459 1025 499 memorabile
1058 462 1224 499 monstri

178 519 277 558 Aera
311 518 494 570 carpebat
526 524 706 558 tenerum
739 517 998 558 stridentibus
1030 518 1123 557 alis.

181 577 356 629 Cumque
389 590 508 629 super
540 576 703 628 Libycas
735 578 859 616 victor
890 577 1082 629 penderet
1112 577 1300 630 harenas,

179 636 375 688 Gorgonei
406 637 543 688 capitis
574 641 706 687 guttae
738 635 917 675 cecidere
949 641 1159 688 cruentae,
1269 644 1398 671 f.x11x.

180 695 285 741 Quas
316 694 460 734 humus
491 700 673 746 exceptas
705 696 831 733 varios
863 695 1046 734 animavit
1075 696 1116 734 in
1147 706 1317 746 angues:

91 762 158 793 620
177 753 289 794 Unde
321 754 508 805 frequens
540 753 603 792 illa
635 759 695 792 est
725 754 946 804 infestaque
978 759 1083 792 terra
1115 753 1311 793 colubris.

178 812 272 851 Inde
303 824 374 864 per
405 814 628 851 inmensum
659 813 785 850 ventis
817 811 1065 851 discordibus
1097 817 1207 852 actus

178 871 292 910 Nunc
323 871 400 910 huc
425 903 436 923 ,
468 883 572 910 nunc
604 871 695 909 illuc
715 903 726 922 ,
758 870 934 922 exemplo
967 870 1083 909 nubis
1116 882 1282 923 aquosae

180 930 353 982 Fertur,
386 936 425 968 et
455 941 502 968 ex
535 929 610 968 alto
644 930 825 968 seductas
857 929 1015 969 aethere
1047 929 1160 980 longe

180 988 389 1041 Despectat
419 994 545 1027 terras
577 994 781 1040 totumque
813 987 1036 1039 supervolat
1066 987 1225 1027 orbem.

94 1055 162 1085 625
184 1047 263 1085 Ter
295 1047 441 1099 gelidas
473 1048 612 1086 Arctos
631 1079 641 1099 ,
673 1053 734 1086 ter
766 1046 906 1086 Cancri
937 1046 1119 1085 bracchia
1149 1046 1267 1086 vidit:

182 1106 306 1157 Saepe
338 1106 411 1144 sub
443 1118 606 1144 occasus
625 1138 636 1158 ,
668 1118 783 1157 saepe
816 1111 877 1144 est
908 1105 1058 1144 ablatus
1090 1107 1130 1144 in
1162 1110 1296 1144 ortus.

180 1164 339 1216 Iamque
371 1164 533 1203 cadente
565 1164 626 1203 die
658 1166 807 1203 veritus
839 1176 882 1203 se
913 1163 1076 1203 credere
1108 1165 1238 1217 nocti,

182 1223 365 1262 Constitit
397 1222 586 1275 Hesperio
606 1255 617 1275 ,
648 1224 779 1274 regnis
810 1222 976 1262 Atlantis
994 1254 1006 1275 ,
1036 1224 1077 1261 in
1109 1222 1228 1262 orbe:
1328 1230 1356 1257 ¹.
1375 1231 1401 1258 ι.

180 1281 449 1333 Exiguamque
479 1282 579 1334 petit
609 1283 787 1333 requiem
807 1313 819 1334 ‚
850 1280 944 1320 dum
976 1280 1134 1320 Lucifer
1164 1282 1274 1332 ignes

93 1348 161 1380 630
181 1340 328 1380 Evocet
358 1342 530 1379 Aurorae
549 1372 561 1393 ‚
592 1352 734 1379 currus
766 1340 917 1379 Aurora
948 1339 1133 1379 diurnos.

182 1399 254 1438 Hic
285 1399 489 1438 hominum
521 1405 684 1438 cunctos
716 1400 865 1450 ingenti
898 1411 1063 1450 corpore
1095 1405 1298 1450 praestans

181 1458 442 1509 Iapetionides
473 1458 579 1497 Atlas
610 1458 685 1497 suit
704 1488 713 1497 .
750 1457 886 1496 ultima
919 1457 1034 1497 tellus

182 1516 287 1567 Rege
319 1516 392 1555 sub
424 1516 498 1555 hoc
531 1523 570 1555 et
599 1521 744 1567 pontus
776 1521 889 1568 erat,
921 1517 988 1567 qui
1021 1515 1122 1554 Solis
1155 1515 1303 1554 anhelis

181 1576 361 1625 Aequora
393 1574 526 1613 subdit
557 1576 668 1625 equis
700 1580 740 1613 et
771 1574 896 1613 sessos
927 1575 1073 1625 exeipit
1103 1586 1216 1612 axes.

96 1641 162 1672 635
183 1633 286 1672 Mille
319 1645 457 1684 greges
489 1633 545 1672 illi
576 1633 818 1684 totidemque
850 1638 1023 1672 armenta
1056 1644 1127 1684 per
1158 1632 1299 1671 herbas

182 1691 407 1744 Errabant3
445 1698 485 1730 et
514 1691 678 1730 humum
709 1692 849 1730 vicinia
882 1691 985 1730 nulla
1016 1689 1269 1742 premebant.

183 1750 380 1790 Arboreae
412 1750 572 1789 frondes
604 1762 700 1789 auro
732 1750 907 1788 radiante
940 1751 1112 1789 virentes

185 1809 242 1848 Ex
275 1821 371 1848 auro
404 1821 532 1848 ramos
551 1841 563 1860 ,
594 1821 641 1847 ex
674 1820 769 1847 auro
801 1820 915 1859 poma
948 1807 1153 1859 tegebant.

184 1865 350 1920 ‘Hospes
368 1864 394 1920 ,'
427 1869 480 1907 ait
509 1867 680 1906 Perseus
710 1866 765 1906 illi
797 1864 882 1905 ‘seu
914 1866 1035 1918 gloria
1068 1868 1190 1917 tangit

96 1934 164 1966 640
183 1926 239 1965 Te
270 1927 426 1978 generis
458 1927 587 1978 magni
605 1957 616 1979 ‚
648 1926 803 1977 generis
835 1925 931 1964 mihi
962 1924 1138 1976 luppiter
1170 1930 1330 1977 auctor3

184 1984 272 2023 Sive
304 1996 347 2024 es
378 1986 540 2024 mirator
571 1996 735 2036 rerum,
767 1983 961 2023 mirabere
993 1989 1170 2022 nostras.

182 2043 406 2094 Hospitium
438 2045 693 2094 requiemque
725 2048 816 2094 peto
837 2038 862 2080 .'
899 2053 1051 2080 memor
1081 2040 1146 2080 ille
1177 2046 1353 2080 vetustae

185 2101 312 2140 Sortis
338 2107 452 2153 erat3
483 2102 642 2141 Themis
674 2101 773 2140 hanc
806 2100 967 2139 dederat
991 2099 1175 2139 Parnasia
1207 2105 1378 2139 sortem:

184 2157 372 2212 ‘Tempus
390 2192 403 2213 ,
433 2160 518 2199 Atla
536 2192 548 2211 ‚
578 2161 738 2212 veniet,
770 2165 836 2198 tua
867 2171 945 2210 quo
978 2157 1210 2210 spoliabitur
1242 2170 1337 2197 auro

97 2226 163 2257 645
184 2217 310 2257 Arbor
328 2249 340 2271 ,
372 2224 410 2258 et
441 2219 546 2258 hunc
578 2218 743 2270 praedae
776 2217 932 2257 titulum
954 2216 1041 2255 love
1075 2223 1190 2257 natus
1209 2213 1406 2256 habebit?

185 2276 226 2315 ld
258 2283 437 2316 metuens
470 2277 604 2316 solidis
635 2277 810 2328 pomaria
842 2276 1036 2315 clauserat
1066 2275 1172 2314 Atlas

186 2335 390 2374 Moenibus
422 2341 462 2375 et
491 2341 599 2374 vasto
632 2334 793 2374 dederat
824 2333 1012 2373 servanda
1044 2333 1226 2385 draconi,

1078 2400 1125 2433 6*
