1554 2563
589 112 606 146 I
623 139 631 155 ‚
659 116 728 147 474
740 132 765 136 --
777 116 844 148 548
859 139 867 148 .
1038 125 1175 148 DAPuNE
1345 113 1397 156 15

174 222 330 275 Curre,
361 223 570 290 fugamque
601 222 764 262 inhibe.
802 222 1043 262 moderatius
1074 224 1259 275 insequar
1291 225 1396 275 ipse.

175 280 248 320 Cui
278 280 461 333 placeas,
493 282 648 332 inquire
682 287 838 320 tamen
883 293 962 320 non
995 281 1121 321 incola
1151 283 1321 335 montis,

173 339 259 379 Non
293 351 363 391 ego
396 351 484 378 sum
514 345 678 392 pastor,
709 352 786 379 non
820 339 883 378 hic
915 347 1090 379 armenta
1122 353 1339 392 gregesque

173 397 367 437 Horridus
399 397 594 437 observo.
633 400 792 451 nescis,
823 401 1060 451 temeraria,
1093 402 1252 452 nescis,

86 463 153 497 515
175 457 301 503 Quem
333 457 488 509 fugias,
520 456 688 508 ideoque
720 458 852 508 fugis.
892 457 986 496 mihi
1018 457 1204 509 Delphica
1235 458 1352 497 tellus

174 515 225 555 Et
257 515 390 555 Claros
422 521 462 554 et
492 515 673 554 Tenedos
704 515 945 567 Patareaque
978 518 1085 567 regia
1112 519 1255 556 servit.

174 574 350 626 Iuppiter
382 580 444 613 est
473 575 656 625 genitor.
695 586 767 626 per
798 586 860 613 me
893 574 998 626 quod
1030 577 1185 626 eritque
1216 576 1368 627 fuitque

172 633 322 684 Estque
341 665 352 685 ,
377 638 513 684 patet:
544 645 615 684 per
647 644 708 671 me
741 633 981 672 concordant
1012 635 1184 673 carmina
1215 636 1368 673 nervis.

175 692 291 731 Certa
324 691 482 743 quidem
514 697 650 730 nostra
681 698 770 744 est,
802 698 936 731 nostra
974 698 1104 731 tamen
1143 705 1221 731 una
1259 694 1398 744 sagitta

87 757 154 790 520
177 750 330 790 Certior
349 781 360 802 ,
392 752 431 789 in
463 762 584 790 vacuo
617 762 716 802 quae
750 751 910 789 vulnera
941 757 1102 802 pectore
1135 752 1250 791 fecit.

174 809 379 848 Inventum
412 810 603 848 medicina
635 821 766 848 meum
798 815 886 861 est,
918 810 1122 861 opiferque
1160 822 1232 862 per
1263 811 1398 850 orbem

174 868 291 907 Dicor
309 900 320 920 ,
352 874 392 906 et
422 868 634 907 herbarum
667 868 842 907 subiecta
873 870 1049 919 potentia
1080 868 1216 908 nobIs.

174 926 221 966 Ei
252 926 377 979 mihi,
409 927 513 977 quod
546 926 662 965 nullis
695 939 802 966 amor
834 932 896 966 est
926 926 1109 966 sanabilis
1141 927 1298 981 herbis,

174 985 255 1024 Nec
286 991 455 1037 prosunt
486 985 642 1024 domino
677 998 775 1036 quae
807 992 975 1037 prosunt
1012 985 1224 1039 omnibus,
1256 992 1359 1026 artes
1373 983 1398 1026 2'

87 1051 154 1083 525
174 1044 293 1083 Plura
325 1043 551 1083 locuturum
585 1044 718 1083 timido
750 1044 895 1083 Peneia
927 1055 1047 1083 cursu

174 1102 291 1154 Fugit
322 1115 490 1154 cumque
523 1104 607 1154 ipso
639 1102 757 1141 verba
787 1103 1005 1154 inperfecta
1035 1102 1219 1156 reliquit,

174 1160 275 1200 Tum
307 1173 465 1213 quoque
497 1163 578 1200 visa
609 1161 782 1201 decens.
821 1161 1021 1200 nudabant
1052 1174 1217 1213 corpora
1248 1163 1376 1215 venti,

175 1219 375 1271 Obviaque
408 1219 589 1259 adversas
620 1220 825 1259 vibrabant
856 1220 1010 1259 ssamina
1041 1226 1193 1272 vestes,

174 1278 224 1318 Et
254 1278 349 1318 levis
380 1278 556 1330 inpulsos
588 1286 695 1318 retro
728 1278 843 1318 dabat
874 1291 968 1318 aura
999 1278 1189 1331 capillos3

87 1345 155 1377 530
174 1339 376 1389 Auctaque
408 1338 533 1376 forma
552 1338 642 1389 fuga
672 1343 732 1377 est
751 1369 759 1377 .
792 1337 861 1376 sed
887 1339 991 1376 enim
1011 1349 1090 1376 non
1110 1339 1280 1377 sustinet
1299 1337 1400 1378 ultra

174 1395 346 1436 Perdere
379 1395 586 1435 blanditias
617 1397 768 1436 iuvenis
801 1396 898 1435 deus
917 1428 928 1449 ‚
960 1402 1083 1447 utque
1115 1396 1295 1436 movebat

174 1455 262 1506 Ipse
295 1466 433 1508 amor,
464 1454 633 1494 admisso
666 1457 846 1506 sequitur
878 1456 1038 1505 vestigia
1070 1467 1211 1506 passu.

174 1513 226 1553 Ut
257 1515 365 1552 canis
396 1515 437 1552 in
468 1525 590 1552 vacuo
622 1513 797 1565 leporem
829 1525 919 1552 cum
952 1513 1120 1551 Gallicus
1152 1525 1244 1551 arvo

177 1571 279 1611 Vidit
302 1604 313 1624 ,
345 1578 385 1610 et
415 1571 478 1610 hic
510 1571 695 1623 praedam
727 1571 893 1623 pedibus
924 1572 1052 1623 petit,
1082 1571 1148 1610 ille
1180 1571 1370 1622 salutem3

88 1638 154 1671 535
177 1630 284 1669 Alter
309 1629 521 1669 inhaesuro
554 1630 690 1669 similis
716 1631 792 1669 iam
823 1632 978 1680 iamque
1011 1635 1147 1669 tenere

177 1689 348 1742 Sperat,
380 1696 420 1728 et
452 1695 609 1728 extento
642 1690 800 1740 stringit
831 1689 994 1739 vestigia
1025 1694 1181 1741 rostro;

175 1748 282 1787 Alter
313 1749 354 1787 in
387 1747 566 1799 ambiguo
600 1754 688 1800 est,
721 1759 768 1786 an
801 1749 851 1786 sit
882 1758 1157 1799 conprensus,
1188 1752 1228 1787 et
1258 1748 1353 1799 ipsis

175 1806 372 1845 Morsibus
403 1808 571 1858 eripitur
604 1807 880 1857 tangentiaque
913 1817 981 1844 ora
1012 1805 1224 1857 relinquit:

177 1865 241 1904 Sic
274 1865 370 1904 deus
403 1871 443 1904 et
472 1867 610 1918 virg03
643 1871 704 1904 est
733 1865 797 1903 hic
829 1877 897 1916 spe
931 1864 1063 1916 celer,
1095 1864 1158 1902 illa
1190 1865 1352 1904 timore.

89 1931 157 1964 540
177 1924 254 1970 Qui
285 1929 416 1963 tamen
446 1925 670 1975 insequitur
688 1955 699 1976 ‚
730 1925 870 1975 pennis
902 1922 1058 1961 adiutus
1091 1924 1234 1962 amoris

178 1982 296 2021 Ocior
327 1988 388 2022 est
418 1984 675 2034 requiemque
707 1988 823 2033 negat
854 1988 1044 2032 tergoque
1077 1982 1225 2031 fugacis

175 2040 346 2080 Inminet
375 2046 416 2080 et
446 2043 596 2080 crinem
627 2053 807 2092 sparsum
840 2039 1059 2079 cervicibus
1091 2039 1218 2079 asssat.

175 2098 333 2138 Viribus
365 2099 583 2150 absumptis
609 2099 795 2151 expalluit
826 2099 889 2137 illa
908 2130 919 2150 ,
951 2099 1130 2149 citaeque

176 2157 286 2197 Victa
317 2157 449 2197 labore
482 2158 626 2210 fugae,
657 2164 839 2209 spectans
871 2156 1062 2195 Peneidas
1095 2155 1219 2195 undas
1238 2187 1249 2208 ,

89 2223 157 2255 545
179 2213 270 2255 ‘Fer
283 2213 409 2268 pater'
423 2213 719 2268 inquit‘opem!
740 2216 872 2255 Tellus
886 2212 912 2267 ,⁹
928 2216 1003 2268 ait,
1028 2212 1150 2254 ‘hisce
1164 2247 1176 2267 ‚
1190 2214 1250 2253 vel
1264 2216 1401 2267 istam,

89 2281 156 2314 547
178 2274 284 2321 Quae
318 2275 440 2327 facit,
470 2282 514 2314 ut
545 2274 676 2314 laedar
695 2307 706 2327 ‚
738 2274 924 2313 mutando
957 2273 1076 2325 perde
1109 2272 1312 2325 figuram?

176 2332 248 2373 Vix
277 2345 396 2386 prece
428 2334 565 2386 finita,
597 2340 734 2385 torpor
766 2335 893 2384 gravis
925 2338 1090 2384 occupat
1122 2338 1230 2371 artus
1249 2363 1261 2384 ,
