1554 2563
92 95 142 136 18
295 107 350 131 ιο.
378 107 489 130 anuos
639 93 853 129 METAMM
867 122 875 131 .

207 205 300 245 Diva
330 210 479 245 metum
498 236 510 257 ,
542 206 750 256 timuitque
782 204 911 244 Iovem
942 210 982 244 et
1013 204 1088 244 fuit
1118 205 1230 244 anxia
1260 204 1357 244 furti
1368 235 1380 257 ,

208 264 340 303 Donec
370 263 621 303 Arestoridae
646 262 875 302 servandam
908 262 1066 302 tradidit
1095 263 1221 315 Argo.

117 323 183 356 625
209 322 375 362 Centum
406 321 621 361 luminibus
652 323 825 361 cinctum
857 328 974 374 caput
1003 321 1130 373 Argus
1162 320 1351 362 habebat:

205 380 300 420 Inde
332 381 415 421 suis
445 380 597 420 vicibus
628 380 833 432 capiebant
863 380 954 419 bina
986 382 1181 432 quietem,

206 439 346 479 Cetera
377 438 584 479 servabant
613 444 730 490 atque
761 440 802 478 in
834 440 1000 478 statione
1032 438 1262 478 manebant.

207 497 448 538 Constiterat
479 510 728 549 quocumque
759 497 874 536 modo
894 529 905 549 ‚
936 497 1136 549 spectabat
1167 497 1214 536 ad
1246 497 1310 537 Io:

205 557 305 596 Ante
337 556 472 596 oculos
503 556 544 595 Io
576 557 752 608 quamvis
784 568 944 595 aversus
975 555 1162 595 habebat.

119 624 188 656 630
208 614 314 654 Luce
347 616 441 655 sinit
470 616 605 667 pasci.
645 627 735 654 cum
767 615 824 654 sol
856 614 996 654 tellure
1029 614 1102 654 sub
1134 614 1209 654 alta
1239 620 1323 668 est,

210 673 364 713 Claudit
395 679 435 713 et
464 673 624 725 indigno
656 672 874 713 circumdat
904 673 1057 713 vincula
1089 673 1211 713 collo.

205 731 427 772 Frondibus
458 732 633 771 arboreis
666 738 705 771 et
736 744 865 771 amara
895 733 1070 784 pascitur
1100 731 1246 784 herba,

205 790 362 843 Proque
394 796 481 830 toro
513 796 643 830 terrae
674 802 753 829 non
786 802 942 842 semper
973 802 1134 841 gramen
1165 789 1324 830 habenti

206 849 371 889 Incubat
401 849 536 889 infelix
554 881 565 902 ‚
596 849 812 900 limosaque
843 849 1003 888 flumina
1034 854 1164 900 potat.

118 916 185 948 635
205 908 274 947 llla
304 909 422 947 etiam
453 907 618 960 supplex
648 908 750 959 Argo
783 919 873 946 cum
898 907 1079 946 bracchia
1110 907 1225 946 vellet

205 967 384 1006 Tendere
403 998 414 1019 ,
445 978 525 1006 non
555 965 692 1005 habuit
722 978 821 1017 quae
852 966 1034 1005 bracchia
1064 966 1245 1005 tenderet
1275 966 1401 1018 Argo;

206 1025 433 1076 Conatoque
459 1026 573 1076 queri
604 1026 778 1076 mugitus
810 1024 932 1064 edidit
962 1037 1054 1077 ore,

206 1083 493 1135 Pertimuitque
525 1095 643 1122 sonos
674 1084 912 1135 propriaque
944 1087 1130 1122 exterrita
1161 1095 1255 1123 voce
1287 1089 1369 1123 est.

207 1142 321 1182 Venit
346 1148 386 1181 et
416 1141 463 1181 ad
495 1143 600 1193 ripa-s
618 1173 629 1195 ‚
660 1141 729 1180 ubi
759 1141 896 1181 ludere
928 1154 1043 1193 saepe
1076 1140 1253 1194 solebat,

119 1209 187 1240 640
207 1200 442 1240 Inachidas:
473 1202 598 1240 rictus
630 1211 807 1251 novaque
840 1206 884 1240 ut
914 1202 1119 1252 conspexit
1149 1202 1190 1239 in
1221 1200 1325 1240 unda

208 1259 363 1299 Cornua
381 1291 393 1312 ‚
423 1260 628 1311 pertimuit
658 1270 778 1310 seque
811 1264 1033 1298 exsternata
1065 1259 1232 1310 refugit.

205 1317 347 1357 Naides
377 1319 589 1370 ignorant,
619 1318 774 1369 ignorat
804 1323 844 1356 et
874 1317 1041 1356 Inachus
1072 1318 1181 1369 ipse,

208 1376 316 1422 Quae
348 1377 399 1416 sit
418 1407 426 1416 .
458 1381 498 1416 at
516 1375 580 1415 illa
599 1382 751 1428 patrem
771 1377 952 1427 sequitur
972 1377 1230 1427 sequiturque
1250 1387 1430 1429 sorores,

205 1435 256 1474 Et
283 1436 432 1487 patitur
463 1436 570 1486 tangi
601 1446 721 1486 seque
753 1434 1034 1474 admirantibus
1066 1435 1207 1474 offert.

118 1501 185 1533 645
206 1493 420 1545 Decerptas
451 1494 583 1532 senior
615 1499 845 1545 porrexerat
875 1492 1042 1532 Inachus
1072 1492 1238 1534 herbas:

207 1552 275 1591 Illa
306 1563 444 1591 manus
475 1550 610 1591 lambit
641 1553 857 1603 patriisque
890 1552 955 1590 dat
980 1551 1112 1591 oscula
1143 1551 1305 1604 palmis,

207 1610 289 1650 Nec
319 1612 467 1650 retinet
497 1610 677 1649 lacrimas
709 1615 776 1661 et,
808 1611 840 1649 si
873 1609 988 1649 modo
1019 1609 1138 1649 verba
1169 1615 1409 1661 sequantur,

207 1669 305 1708 Oret
334 1681 449 1721 opem
481 1680 702 1720 nomenque
736 1680 852 1708 suum
884 1680 1076 1720 casusque
1108 1668 1313 1720 loquatur.

207 1727 354 1767 Littera
385 1739 457 1779 pro
489 1727 649 1780 verbis,
681 1739 796 1778 quam
826 1739 897 1778 pes
927 1729 968 1766 in
998 1726 1160 1778 pulvere
1192 1727 1325 1779 duxit,

119 1794 187 1826 650
208 1785 392 1837 Corporis
423 1785 612 1825 indicium
643 1787 781 1825 mutati
812 1787 926 1824 triste
956 1786 1131 1836 peregit.

209 1842 285 1884 ‘Me
305 1845 493 1884 miserum
507 1841 532 1884 1'
553 1843 741 1883 exclamat
760 1849 870 1895 pater
889 1843 1080 1896 Inachus,
1100 1845 1220 1895 inque
1240 1845 1431 1895 gementis

209 1902 403 1942 Cornibus
435 1910 475 1942 et
505 1904 639 1942 niveae
670 1903 847 1954 pendens
878 1903 1032 1941 cervice
1062 1903 1250 1942 iuvencae

210 1958 285 2000 ‘Me
305 1962 494 2000 miserum
508 1958 533 2000 Ρ
552 1962 789 2013 ingeminat,
810 1957 919 2000 ‘tune
939 1972 982 1999 es
997 1961 1171 2012 quaesita
1189 1972 1261 2012 per
1275 1972 1432 2013 omneS,

208 2019 305 2059 Nata
323 2051 334 2072 ,
365 2019 460 2059 mihi
492 2026 617 2059 terras
636 2017 658 2059 ⁸?
689 2024 732 2059 tu
763 2030 842 2058 non
873 2021 1031 2058 inventa
1062 2024 1220 2071 reperta

122 2085 188 2117 655
209 2077 358 2117 Luctus
389 2089 477 2117 eras
508 2077 629 2117 levior
649 2108 658 2117 .
696 2078 839 2117 retices
857 2109 868 2130 ,
899 2089 973 2116 nec
1004 2083 1139 2116 mutua
1169 2078 1315 2116 nostris

209 2135 321 2175 Dicta
353 2137 479 2175 refers
498 2167 509 2188 ,
541 2136 617 2175 alto
650 2142 802 2175 tantum
833 2137 1002 2188 suspiria
1034 2136 1146 2175 ducis

209 2193 375 2233 Pectore
394 2225 406 2247 ‚
425 2194 608 2246 quodque
629 2206 752 2234 unum
771 2199 883 2246 potes
902 2226 913 2246 ‚
933 2193 980 2233 ad
1000 2206 1086 2233 mea
1106 2193 1223 2233 verba
1235 2194 1430 2245 remugis.

211 2251 260 2291 At
290 2251 362 2291 tibi
393 2264 464 2304 ego
497 2254 657 2304 ignarus
688 2252 877 2292 thalamos
908 2252 1119 2304 taedasque
1149 2251 1356 2304 parabam,

213 2309 390 2363 Spesque
423 2310 498 2350 fuit
528 2312 664 2362 generi
700 2310 796 2350 mihi
832 2311 957 2363 prima
975 2342 988 2363 ,
1018 2310 1190 2351 secunda
1221 2315 1429 2363 nepotum.
