1554 2563
179 105 258 147 156
433 117 555 140 wantis
728 103 941 139 METAMM
956 132 963 139 .

205 223 271 256 205
292 214 403 255 Unda
433 220 568 266 gravet
597 226 746 267 pen-nas
764 246 776 267 ‚
807 216 841 254 si
873 213 1014 255 celsior
1032 246 1044 268 ,
1074 216 1176 267 ignis
1208 214 1367 255 adurat.

292 274 399 313 Inter
430 279 644 325 utrumque
676 273 761 313 vola
780 305 789 313 .
827 285 900 312 nec
932 279 970 313 te
1003 279 1182 325 spectare
1201 273 1364 313 Booten

291 333 369 372 Aut
398 331 561 372 Helicen
592 331 709 372 iubeo
742 333 1001 384 strictumque
1034 331 1191 372 Orionis
1223 344 1381 372 ensem:

291 391 353 430 Me
384 391 484 431 duce
516 403 633 444 carpe
664 393 765 432 viam
784 387 809 430 .'
847 392 995 443 pariter
1026 397 1234 444 praecepta
1264 390 1416 431 volandi

292 449 429 489 Tradit
459 455 500 489 et
529 451 682 502 ignotas
713 451 861 490 umeris
893 449 1161 489 accommodat
1192 449 1292 490 alas.

206 516 273 549 210
292 508 401 548 Inter
433 521 531 560 opus
562 510 816 560 monitusque
848 520 969 560 genae
1001 508 1188 548 maduere
1220 509 1388 561 seniles,

292 566 343 607 Et
373 569 523 620 patriae
555 573 755 607 tremuere
787 579 955 607 manus.
994 567 1102 607 dedit
1133 567 1266 607 oscula
1296 573 1386 607 nato

291 625 378 665 Non
410 628 556 666 iterum
586 626 799 678 repetenda
831 638 903 666 suo
921 657 934 680 ‚
964 628 1183 678 pennisque
1215 626 1364 666 levatus

293 685 394 725 Ante
425 684 556 738 volat,
589 687 801 737 comitique
834 687 974 737 timet,
1006 685 1112 724 velut
1143 685 1222 725 ales
1241 717 1253 738 ,
1284 685 1331 724 ab
1364 685 1439 725 alto

293 743 402 790 Quae
433 750 613 783 teneram
644 744 796 796 prolem
827 743 1013 796 produxit
1042 745 1083 783 in
1116 747 1205 783 aera
1236 743 1353 796 nido;

205 810 272 842 215
293 802 563 854 Hortaturque
590 804 732 856 sequi,
764 803 1048 854 damnosasque
1081 803 1212 842 erudit
1243 808 1371 854 artes,

291 861 342 901 Et
373 868 503 901 movet
532 863 616 913 ipse
649 873 740 901 suas
773 868 812 900 et
836 863 916 900 nati
946 863 1110 913 respicit
1140 861 1241 901 alas.

293 919 374 959 Hos
406 920 546 972 aliquis
578 920 745 960 tremula
777 921 870 960 dum
890 923 1018 970 captat
1035 919 1252 959 harundine
1283 921 1435 972 pisces,

292 980 369 1018 Aut
398 985 533 1032 pastor
564 978 703 1018 baculo
735 980 879 1018 stivave
910 980 1069 1018 innixus
1100 985 1230 1018 arator

294 1037 398 1077 Vidit
428 1045 468 1077 et
499 1037 718 1090 obstipuit,
749 1039 896 1089 quique
927 1038 1085 1077 aethera
1116 1049 1278 1090 carpere
1310 1045 1494 1091 possent,

207 1104 274 1136 220
295 1096 471 1136 Credidit
501 1109 587 1135 esse
621 1097 716 1136 deos
736 1128 744 1136 .
790 1095 849 1146 [et
879 1097 956 1135 iam
987 1096 1151 1136 Iunonia
1181 1097 1288 1136 laeva

292 1155 410 1195 Parte
444 1155 580 1195 Samos
612 1156 741 1195 fuerat
772 1154 967 1206 Delosque
998 1155 1199 1207 Parosque
1231 1155 1391 1195 relictae
1404 1154 1434 1208 ,]

293 1214 437 1253 Dextra
468 1212 686 1253 Lebinthus
719 1219 804 1253 erat
834 1213 1081 1265 fecundaque
1111 1213 1225 1253 melle
1259 1213 1466 1267 Calymne,

294 1272 393 1312 Cum
422 1285 523 1324 puer
555 1273 693 1312 audaci
724 1273 856 1324 coepit
886 1272 1057 1324 gaudere
1088 1272 1242 1325 volatu,

293 1331 555 1383 Deseruitque
588 1332 729 1371 ducem
762 1331 936 1382 caelique
970 1331 1152 1383 cupidine
1187 1337 1334 1371 tractus

206 1397 273 1429 225
293 1390 420 1429 Altius
452 1392 531 1441 egit
561 1391 666 1430 iter.
703 1389 829 1441 rapidi
859 1390 1000 1430 vicinia
1031 1390 1124 1430 soliS

293 1448 417 1488 Mollit
447 1448 627 1488 odoratas
646 1481 657 1501 ,
687 1460 908 1501 pennarum
938 1449 1121 1502 vincula,
1152 1461 1265 1489 ceras

293 1507 519 1547 Tabuerant
550 1519 694 1560 cerae3
726 1507 853 1547 nudos
885 1509 1010 1559 quatit
1041 1507 1106 1546 ille
1138 1508 1330 1560 lacertos,

294 1566 551 1618 Remigioque
584 1578 723 1606 carens
755 1578 835 1606 non
866 1565 964 1605 ullas
995 1567 1165 1619 percipit
1196 1578 1334 1618 auras,

295 1625 451 1677 Oraque
485 1625 664 1666 caerulea
693 1626 866 1677 patrium
897 1624 1102 1665 clamantia
1133 1637 1278 1665 nomen

207 1692 274 1724 230
293 1683 556 1736 Excipiuntur
575 1696 675 1736 aqua
695 1698 704 1724 :
731 1696 830 1735 quae
857 1696 1000 1723 nomen
1019 1685 1139 1723 traxit
1157 1683 1204 1723 ab
1229 1684 1294 1723 illo
1309 1715 1318 1723 .
1362 1692 1390 1720 1.
1411 1692 1517 1719 οκκῆ.

294 1743 343 1782 At
372 1748 485 1794 pater
515 1742 651 1782 infelix
669 1775 681 1795 ,
712 1754 786 1782 nec
817 1743 894 1782 iam
925 1748 1037 1794 pater
1055 1774 1066 1795 ,
1099 1740 1222 1782 ‘Icare
1240 1740 1267 1796 ,'
1299 1743 1419 1795 dixit,

296 1799 419 1841 ‘Icare
437 1798 464 1853 ,'
497 1802 594 1841 dixit
625 1798 709 1840 ‘ubi
741 1813 783 1840 es
802 1798 824 1841 ?
856 1813 931 1852 qua
963 1807 1002 1841 te
1033 1803 1194 1853 regione
1226 1803 1425 1853 requiram
1439 1798 1475 1841 ?'

295 1857 434 1900 ‘lcare'
467 1860 650 1913 dicebat,
681 1872 830 1912 pennas
862 1861 1013 1912 aspexit
1042 1861 1083 1899 in
1115 1860 1256 1912 undis,

293 1918 533 1971 Devovitque
565 1931 657 1959 suas
689 1924 824 1971 artes,
855 1930 1080 1970 corpusque
1113 1918 1321 1970 sepulchro

207 1985 273 2018 235
294 1977 505 2017 Condidit.
544 1983 584 2017 et
615 1977 732 2017 tellus
764 1989 786 2017 a
817 1978 975 2016 nomine
1007 1977 1110 2016 dicta
1141 1977 1306 2029 sepulti.

352 2036 467 2076 Hunc
499 2037 634 2076 miseri
665 2035 817 2075 tumulo
848 2041 1062 2087 ponentem
1094 2047 1260 2087 corpora
1292 2038 1372 2076 nati

294 2095 458 2135 Garrula
488 2095 626 2134 limoso
658 2095 863 2147 prospexit
893 2093 941 2133 ab
974 2093 1071 2133 elice
1102 2094 1266 2147 perdix,

293 2154 344 2193 Et
373 2154 518 2206 plausit
548 2155 688 2205 pennis
720 2158 941 2204 testataque
973 2152 1112 2204 gaudia
1145 2158 1261 2192 cantu
1294 2158 1378 2193 est:

293 2212 415 2252 Unica
447 2217 543 2252 tunc
573 2212 745 2251 volucris
762 2243 773 2264 ,
806 2223 879 2251 nec
909 2212 991 2250 visa
1021 2211 1221 2262 prioribus
1254 2213 1389 2264 annis,

206 2279 273 2311 240
292 2270 486 2322 Factaque
507 2283 635 2322 nuper
660 2272 740 2309 avis
760 2284 770 2323 3
800 2270 960 2321 longum
985 2269 1087 2322 tibi,
1118 2268 1283 2309 Daedale
1302 2302 1313 2323 ‚
1345 2270 1518 2309 crimen.

291 2328 468 2381 Namque
501 2329 593 2368 huic
624 2328 868 2382 tradiderat,
899 2328 1068 2367 fatorum
1108 2329 1272 2381 ignara,
1304 2328 1520 2368 docendam
