1554 2563
1279 111 1381 147 XXV

46 225 128 263 756
162 218 270 276 (cum
288 219 366 276 Μ)
401 225 483 262 763
518 224 601 263 806
635 224 718 262 807
753 224 836 262 823
874 226 1023 272 putans
1052 235 1124 272 pro
1144 234 1227 261 var.
1247 223 1382 272 script.

161 336 268 379 LIB.
299 337 406 379 VIII
449 354 485 379 v.
517 337 572 380 87
616 341 658 378 in
699 340 741 378 M
784 340 974 379 omissum
1017 340 1160 390 abieci,
1203 340 1383 389 quamvis

45 400 150 449 apud
187 400 436 438 Priscianum
479 400 504 437 1.
537 408 567 436 v
598 413 636 448 p.
665 400 745 437 152
791 398 905 436 libris
948 401 1108 448 praeter
1150 398 1385 437 Leidensem

44 458 234 497 traditum
279 458 479 506 omnibus,
523 457 696 495 absurda
734 457 892 506 quidem
930 458 1139 507 scriptura,
1183 448 1283 506 quae
1324 458 1386 495 est

44 517 165 556 etiam
195 517 237 554 in
266 517 300 554 E
331 517 479 555 nostro.
540 528 667 565 neque
698 516 844 554 codicis
874 518 1012 554 nostra
1051 516 1268 554 auctoritas
1301 516 1386 554 sola

44 588 135 614 eum
161 575 336 625 damnat,
370 587 498 624 neque
524 574 718 613 Prisciani
742 575 934 623 tuebitur,
966 575 1076 612 cuius
1102 574 1179 612 loci
1203 575 1385 623 pristina,

45 646 146 684 quae
188 634 231 671 in
269 634 302 671 L
341 635 541 683 servatur,
578 633 708 671 forma
745 645 862 683 quem
899 633 1112 671 admodum
1149 633 1326 671 subiecto
1365 645 1386 670 e

43 692 225 742 margine
256 690 388 730 Ovidii
424 704 542 730 versu
579 692 735 730 turbari
772 692 964 741 coeperit,
1001 692 1036 729 D
1076 693 1387 729 commonstrare

43 751 213 789 videtur.
270 753 380 789 extat
416 750 593 789 eiusdem
635 750 743 788 modi
781 750 984 788 adnotatio
1021 750 1063 787 in
1099 750 1279 799 margine
1316 749 1386 787 LK

43 823 81 859 p.
110 810 206 859 128,
234 811 271 847 6.
327 808 460 848 Ovidii
490 809 615 847 libros
647 820 770 858 aeque
804 821 922 857 quam
946 808 1141 846 Prisciani
1172 809 1383 858 pervulga-

43 870 107 907 tos
139 868 189 906 ab
220 868 338 905 huius
369 868 587 906 lectoribus
619 870 690 905 aut
722 867 862 906 scribis
896 879 1032 916 saepe,
1069 879 1142 905 nec
1172 867 1297 905 multo
1329 867 1387 904 iu-

45 927 158 976 dicio,
190 926 389 965 adhibitos
420 927 532 975 ipsae
564 926 784 975 scripturae
816 926 974 974 docent,
1004 925 1117 963 velut
1148 937 1238 963 cum
1267 925 1387 974 paulo

44 985 210 1023 inferius
233 999 270 1034 p.
294 986 390 1034 156,
419 986 472 1023 18
504 985 546 1022 111
571 985 798 1034 archetypis
823 983 1023 1033 RDAHK,
1046 996 1125 1022 non
1146 983 1226 1033 GL,
1253 984 1389 1033 glossa

44 1044 312 1082 interlinearis
350 1043 528 1081 codicum
569 1046 731 1092 recepta
774 1045 846 1081 est.
908 1043 1049 1092 quodsi
1085 1043 1150 1080 vel
1187 1044 1389 1081 constaret

45 1102 295 1141 Priscianum
325 1102 457 1151 ipsum
487 1101 602 1139 libris
625 1101 757 1140 Ovidii
787 1114 866 1140 non
898 1101 1073 1150 egregiis
1105 1113 1221 1139 usum
1253 1101 1388 1151 fuisse,

45 1161 145 1199 nihil
189 1160 412 1199 efficeretur
461 1160 540 1198 nisi
587 1160 678 1209 hoc,
727 1162 774 1198 ut
821 1160 1140 1209 interpolationis
1191 1159 1388 1209 quoddam

46 1231 190 1269 genus,
228 1219 333 1268 quod
370 1219 584 1257 secundum
616 1218 794 1268 appello,
827 1219 983 1257 saeculo
1016 1218 1154 1267 quinto
1186 1218 1388 1268 antiquius

45 1278 274 1316 haberetur.
335 1289 380 1315 ac
416 1278 590 1326 primum
627 1277 733 1326 quod
770 1277 874 1326 dico,
912 1279 1051 1326 estque
1089 1277 1270 1315 doctrina
1305 1277 1389 1314 fere

46 1337 196 1385 eadem,
222 1349 300 1385 qua
331 1336 490 1385 spuriae
515 1335 709 1374 Heroides
735 1336 904 1386 insigne,
934 1336 1061 1374 multo
1088 1337 1150 1373 est
1173 1336 1389 1383 vetustius3

47 1395 263 1433 secundum
299 1395 410 1433 cuius
448 1395 536 1433 aevi
573 1395 643 1444 sit,
685 1394 802 1443 plane
838 1394 936 1432 mihi
974 1394 1156 1431 dubium:
1198 1406 1274 1443 quo
1311 1406 1390 1432 non

46 1454 319 1503 laevigantur,
357 1455 616 1502 exornantur,
655 1465 755 1501 quae
786 1453 850 1491 vel
886 1453 1030 1490 vitium
1067 1454 1289 1501 traxerant,
1325 1452 1390 1489 vel

47 1512 171 1561 aliqui
214 1511 479 1561 displicebant
522 1511 732 1550 eruditulis
777 1511 924 1549 saeculi
967 1520 1017 1549 1X
1060 1512 1131 1549 aut
1166 1519 1215 1560 X,
1258 1512 1305 1548 ut
1342 1510 1390 1548 de

46 1571 167 1609 tertio
204 1570 427 1608 indicabam
463 1583 501 1619 p.
520 1578 586 1618 VI,
632 1569 701 1608 sed
737 1569 1034 1608 vetustissimae
1071 1570 1248 1618 tantum,
1289 1581 1390 1618 quae

49 1629 188 1667 adesse
214 1629 464 1678 videbantur,
495 1629 659 1666 lacunae
685 1628 787 1665 mira
817 1628 1050 1677 plerumque
1081 1627 1267 1665 barbarie
1300 1640 1390 1676 sup-

47 1688 220 1737 plentur,
251 1699 440 1726 versuum
470 1686 691 1735 particulae
723 1688 794 1724 aut
825 1686 1076 1724 hemistichia
1107 1698 1131 1723 a
1155 1688 1275 1735 poeta
1294 1685 1390 1723 Ver-

48 1746 198 1795 giliano
224 1746 402 1795 exemplo
429 1746 580 1783 relicta.
631 1745 855 1793 suspicatus
881 1744 930 1782 de
954 1744 1017 1782 his
1043 1744 1176 1782 fuerat
1200 1744 1390 1783 Heinsius

48 1805 99 1842 ad
134 1812 220 1842 XIII
243 1805 325 1843 333
364 1806 405 1842 et
441 1804 654 1853 coeperant
690 1802 857 1841 indicari
887 1803 929 1841 in
968 1803 1187 1852 proecdosi.
1246 1803 1390 1852 imper-

48 1857 173 1901 fectos
203 1874 344 1901 versus
375 1864 560 1911 uterque,
592 1864 708 1911 puto,
747 1862 984 1899 dixeramus.
1045 1861 1113 1900 sed
1144 1873 1271 1909 nuper
1301 1873 1392 1899 cum

49 1920 222 1959 Senecae
252 1921 383 1959 locum
415 1920 600 1959 Controv.
632 1928 714 1958 XVI
746 1922 845 1958 extr.
876 1920 1114 1970 relegerem,
1151 1920 1262 1958 visus
1292 1919 1391 1957 mihi

49 1991 138 2018 sum
175 1978 418 2029 deprendere
455 1979 557 2017 alius
594 1978 701 2017 modi
737 1978 1022 2016 testimonium.
1082 1977 1269 2016 videntur
1310 1977 1392 2015 iam

47 2039 135 2076 tum
170 2037 313 2087 fuisse,
350 2038 420 2087 qui
455 2037 550 2075 data
586 2049 707 2087 opera
742 2048 814 2074 nec
851 2036 935 2074 sine
967 2035 1134 2074 artificio
1166 2035 1392 2085 Vergilium

48 2096 129 2134 ista
158 2096 340 2145 posuisse
373 2096 613 2134 statuerent:
647 2095 790 2144 quibus
823 2106 911 2133 cum
935 2095 1017 2133 illic
1043 2096 1179 2143 aperte
1207 2093 1391 2133 Ovidium

50 2155 264 2192 accessisse
300 2156 500 2203 narretur,
536 2154 602 2192 vix
632 2154 758 2191 ullum
790 2165 928 2191 eorum
958 2153 1152 2202 locorum,
1184 2165 1282 2202 quos
1313 2153 1390 2201 pri-

51 2212 141 2250 dem
172 2224 217 2250 eo
249 2224 395 2262 genere
425 2212 662 2261 habueram,
699 2212 818 2260 longe
849 2211 1000 2249 distare
1032 2211 1081 2249 ab
1114 2211 1292 2260 exemplo
1322 2211 1391 2248 illo

49 2283 96 2309 ex
126 2270 287 2309 Atacini
317 2282 437 2309 versu
473 2271 600 2320 petito
632 2270 799 2319 reperio.
854 2272 952 2319 puto
991 2270 1066 2308 hoc
1097 2281 1254 2318 quoque
1292 2269 1392 2306 nihil

51 2329 236 2367 relictum
267 2341 292 2367 a.
321 2331 452 2379 poeta,
483 2340 601 2378 quam
633 2328 884 2366 dimidiatum
915 2341 952 2366 v.
972 2328 1047 2378 86,
1079 2328 1249 2366 alterum
1282 2327 1392 2365 dimi-
