1554 2563
153 112 234 154 188
404 125 524 148 mmms
703 112 916 147 METAMM
931 140 938 148 .

268 224 387 274 Finge
420 222 574 274 placere
607 222 701 262 mihi
719 254 730 275 ,
762 221 889 262 scelus
922 235 1008 262 esse
1041 223 1235 263 videbitur
1267 224 1342 263 illi.

267 282 316 320 At
347 293 425 320 non
456 280 637 320 Aeolidae
671 280 858 320 thalamos
892 282 1058 321 timuere
1094 294 1297 322 sororum.

269 340 379 379 Unde
411 339 480 378 sed
512 339 583 378 hos
614 337 745 378 novi?
775 351 847 379 cur
878 339 973 378 haec
1006 341 1179 392 exempla
1210 338 1375 392 paravi?

269 399 354 445 Quo
387 396 532 437 seror?
564 397 755 438 obscenae
786 398 924 450 procul
955 398 1047 438 hinc
1079 399 1268 438 discedite
1290 399 1493 453 flamm-ae,

181 465 249 497 510
269 457 349 496 Nec
368 489 379 510 ,
411 458 487 496 nisi
518 468 594 508 qua
625 458 682 496 fas
714 462 773 496 est
804 468 1011 508 ger-manae
1030 489 1041 509 ‚
1073 458 1195 497 frater
1226 464 1379 498 ametur
1406 481 1460 487 —

271 516 311 555 Si
343 522 472 554 tamen
504 516 587 567 ipse
619 527 705 555 meo
739 521 874 567 captus
908 518 1016 567 prior
1048 522 1152 555 esset
1183 528 1338 570 amore,

269 575 449 614 Forsitan
480 574 584 613 illius
616 586 772 626 possem
804 574 1007 625 indulgere
1040 575 1186 614 furori.

269 633 373 684 Ergo
407 645 477 684 ego
496 664 508 685 ‚
540 645 659 683 quem
691 634 842 672 fueram
873 645 950 671 non
983 634 1179 672 reiectura
1211 640 1434 686 petentem,

269 692 356 743 Ipsa
386 697 517 743 petam
535 689 557 730 ‘2'
587 693 787 743 poterisne
818 688 967 742 loqui?
997 693 1196 743 poterisne
1229 690 1377 732 fateri?

182 758 249 790 515
271 750 393 801 Coget
423 762 531 789 amor
549 782 561 803 ‚
591 756 758 802 potero.
796 749 885 802 vel,
918 751 950 788 si
981 750 1107 801 pudor
1139 762 1207 790 ora
1239 750 1410 804 tenebit,

269 809 417 848 Littera
449 809 593 848 celatos
625 820 766 848 arcana
797 807 982 847 fatebitur
1014 810 1146 859 ignes.

271 868 353 907 Hoc
385 868 541 920 placet,
573 868 668 906 haec
700 867 858 906 dubiam
890 868 982 906 vicit
1013 869 1207 907 sententia
1238 875 1432 909 mentem.

271 927 314 966 ln
346 927 448 966 latus
481 928 647 977 erigitur
665 958 676 978 ,
708 925 920 977 cubitoque
951 927 1084 965 innixa
1115 927 1276 966 sinistro

272 983 465 1025 ‘Viderit:
496 981 669 1024 insanos'
701 985 829 1036 inquit
860 982 1067 1023 ‘fateamur
1099 997 1275 1025 amores.

184 1052 250 1085 520
270 1044 315 1083 Ei
337 1044 431 1083 mihi
451 1043 460 1083 l
486 1056 564 1095 quo
584 1043 693 1082 labor
707 1041 728 1082 ?
754 1055 870 1094 quem
890 1055 1000 1082 mens
1021 1055 1106 1082 mea
1126 1045 1296 1095 concipit
1315 1041 1495 1095 ignem?

269 1103 319 1142 Et
350 1103 533 1142 meditata
565 1114 682 1141 manu
715 1104 912 1153 componit
944 1101 1060 1140 verba
1092 1104 1299 1141 trementi.

271 1162 414 1200 Dextra
446 1166 554 1200 tenet
585 1161 734 1199 ferrum
752 1193 763 1213 ,
796 1172 954 1199 vacuam
986 1166 1094 1199 tenet
1125 1161 1244 1200 altera
1272 1173 1422 1200 ceram.

272 1220 441 1271 Incipit,
474 1224 513 1258 et
544 1218 725 1258 dubitat:
757 1218 924 1270 scribit,
956 1219 1189 1270 damnatque
1222 1219 1406 1259 tabellas:

270 1278 320 1317 Et
351 1284 488 1330 notat,
520 1283 560 1316 et
591 1277 723 1317 delet:
754 1283 908 1329 mutat,
940 1277 1147 1328 culpatque
1167 1309 1178 1330 ,
1209 1278 1451 1329 probatque:

185 1345 251 1378 525
271 1337 394 1388 Inque
426 1337 550 1375 vicem
582 1342 757 1387 sumptas
788 1337 928 1388 ponit,
959 1337 1185 1387 positasque
1217 1339 1404 1376 resumit.

274 1395 376 1441 Quid
410 1395 530 1448 velit,
556 1395 737 1447 ignorat3
770 1394 956 1446 quicquid
989 1394 1139 1433 factura
1171 1394 1349 1448 videtur,

273 1454 488 1505 Displicet.
526 1455 566 1492 in
599 1453 707 1492 vultu
740 1459 800 1492 est
831 1453 990 1492 audacia
1022 1455 1140 1491 mixta
1171 1453 1335 1504 pudori.

274 1513 428 1564 Scripta
460 1508 603 1551 ‘soror'
636 1512 792 1551 fuerat:
824 1513 949 1550 visum
983 1518 1042 1550 est
1073 1511 1204 1550 delere
1236 1524 1436 1564 sororem,

273 1571 476 1622 Verbaque
509 1572 699 1609 correctis
731 1569 905 1609 incidere
938 1570 1027 1609 talia
1059 1572 1184 1610 ceris:

186 1639 252 1670 530
274 1628 413 1676 ‘Quam
432 1661 443 1681 ,
475 1630 551 1668 nisi
582 1635 624 1668 tu
657 1629 811 1668 dederis
830 1660 841 1681 ,
872 1641 950 1667 non
989 1635 1049 1668 est
1085 1628 1265 1668 habitura
1308 1629 1497 1682 salutem,

274 1689 382 1728 Hanc
403 1688 471 1727 tibi
492 1689 612 1727 mittit
631 1699 785 1727 amans.
813 1687 958 1740 pudet,
985 1686 1028 1726 a!
1053 1688 1176 1738 pudet
1194 1687 1311 1726 edere
1331 1699 1497 1727 nomen.

273 1747 323 1786 Et
354 1748 417 1800 si,
449 1746 542 1797 quid
575 1747 728 1797 cupiam
747 1778 758 1797 ,
791 1747 947 1797 quaeris
966 1776 977 1797 ,
1009 1747 1093 1784 sine
1125 1747 1283 1785 nomine
1316 1746 1455 1785 vellem

273 1805 413 1846 Posset
443 1806 504 1858 agi
535 1817 620 1844 mea
652 1816 766 1844 causa
798 1816 885 1843 meo
904 1836 915 1856 ,
946 1815 1019 1843 nec
1051 1806 1206 1856 cognita
1235 1803 1367 1856 Byblis

273 1865 373 1904 Ante
404 1864 559 1916 forem,
589 1873 707 1915 quam
737 1874 828 1914 spes
859 1868 1039 1902 votorum
1070 1868 1178 1902 certa
1209 1862 1370 1902 fuisset.

186 1932 253 1962 535
274 1923 370 1962 Esse
404 1922 561 1973 quidem
593 1921 687 1960 laesi
717 1927 872 1973 poterat
903 1920 972 1960 tibi
1004 1922 1175 1972 pectoris
1208 1920 1324 1960 index

274 1982 324 2020 Et
356 1981 462 2020 color
494 1986 534 2019 et
564 1981 707 2019 macies
740 1984 779 2018 et
810 1979 939 2018 vultus
958 2011 969 2031 ,
1002 1985 1041 2018 et
1071 1979 1200 2018 umida
1232 1991 1347 2031 saepe

274 2040 468 2092 Lumina,
499 2051 572 2078 nec
604 2050 719 2078 causa
751 2040 919 2090 suspiria
950 2044 1051 2077 mota
1085 2039 1256 2089 patenti,

274 2098 323 2137 Et
355 2097 485 2137 crebri
517 2097 747 2150 amplexus,
779 2102 819 2135 et
849 2108 977 2148 quae,
1009 2097 1042 2134 si
1074 2096 1173 2134 sorte
1206 2097 1372 2149 notasti,

277 2156 418 2196 Oscula
450 2157 589 2195 sentiri
621 2168 698 2194 non
731 2167 817 2194 esse
850 2156 1000 2193 sororia
1030 2160 1213 2205 possent.

189 2222 255 2254 540
276 2215 361 2266 Ipsa
394 2220 523 2254 tamen
543 2246 554 2267 ,
587 2216 762 2265 quamvis
801 2215 928 2252 animo
961 2224 1076 2263 grave
1115 2213 1255 2251 vulnus
1287 2212 1496 2266 habebam,

276 2273 459 2319 Quamvis
491 2275 596 2312 intus
630 2279 714 2311 erat
744 2272 855 2311 furor
887 2273 1024 2322 igneus
1043 2302 1054 2323 ,
1087 2273 1213 2310 omnia
1247 2272 1344 2323 feci,

276 2331 377 2371 Sunt
408 2331 502 2370 mihi
533 2331 571 2370 di
602 2337 754 2382 testes,
786 2335 830 2369 ut
861 2330 1015 2368 tandem
1047 2331 1179 2368 sanior
1211 2341 1360 2369 essem:
