1554 2563
1280 146 1378 182 XXI

37 263 124 300 uota
166 261 262 308 facit
302 261 428 300 MLE:
473 261 701 310 corruptela
743 261 828 299 eius
871 259 955 299 fere
999 259 1105 298 modi
1141 259 1240 296 mihi
1276 257 1375 307 visa,

36 320 168 369 qualia
199 320 239 358 in
269 320 311 357 M
341 320 360 358 I
387 321 469 358 746
504 321 666 368 liniyera
696 320 876 367 niliyera,
907 319 947 356 II
967 320 1050 357 485
1084 321 1211 356 tamen
1240 320 1378 365 manet,

37 387 65 416 v
86 379 168 416 276
207 379 324 417 milite
360 379 493 422 limite,
540 387 604 417 VII
632 379 716 416 476
749 378 908 426 Expetit
937 377 1094 425 Excipit
1135 377 1216 415 763
1256 375 1378 414 Pestis

37 436 170 484 Cessit,
205 445 289 475 VIII
311 438 393 476 775
431 438 590 485 funibus
628 438 813 480 nubibus,
853 444 901 474 IX
922 436 1005 474 387
1043 439 1178 473 nalum
1216 436 1377 476 tantum,

36 504 65 533 X
85 497 169 534 493
208 497 238 534 it
260 497 302 534 in
350 497 438 542 init,
476 504 562 534 XIII
587 497 665 533 122
700 496 831 534 relatis
863 495 1031 537 lacertis,
1064 503 1145 532 XIV
1167 495 1219 532 97
1253 492 1377 531 uelato

36 555 171 601 leuato,
214 554 257 592 in
297 554 386 592 aliis
419 563 482 593 XV
503 555 586 592 818
626 554 766 592 locetur
803 554 962 597 colatur,
1007 553 1091 590 834
1132 555 1232 600 reqel
1264 554 1377 600 yeret.

157 609 237 651 183
276 621 416 651 Nums
459 620 641 652 nmmos
684 620 852 651 INFUSA
897 618 1122 650 CAPILLIS.
1184 610 1248 648 edi
1290 621 1378 648 con-

37 671 167 710 suevit
203 672 326 710 ‘nudos
362 673 506 710 umeris
523 692 572 697 —-
590 672 765 720 capillos,
804 670 932 720 qualis
965 672 1026 708 est
1056 670 1097 707 in
1129 669 1168 706 M
1200 668 1378 707 confusio

37 738 85 768 XI
108 729 190 768 175
228 738 309 769 XIV
332 732 398 769 97.
460 730 620 769 restitui
656 729 843 779 loquendi
880 741 1005 778 genus
1044 727 1379 777 vulgatissimum,

36 790 82 826 ut
124 790 187 827 est
229 797 262 827 X
287 790 371 827 432
423 797 473 827 XI
500 790 537 827 3.
599 788 669 827 sed
710 790 773 826 est
815 788 924 826 aliud
968 786 1066 826 satis
1110 785 1379 834 memorabile,

37 847 142 897 quod
173 847 304 885 fraudi
340 847 418 885 fuit
449 847 650 897 Bentleio,
689 847 756 896 qui
792 846 1039 896 improbasse
1078 845 1222 884 dicitur
1254 853 1302 883 VI
1323 844 1376 882 59

37 907 249 954 cinctaeque
286 906 337 944 ad
373 909 532 954 pectora
567 909 699 948 vestes,
747 906 951 955 geminum
989 905 1107 954 plane
1145 906 1215 942 aut
1250 902 1379 942 adfine

37 965 115 1003 his:
148 973 179 1003 X
200 965 283 1003 536
316 967 453 1003 vestem
470 966 550 1003 ritu
574 965 765 1003 succincta
784 964 950 1011 Dianae,
983 971 1031 1001 lv
1053 964 1135 1001 511
1169 965 1380 1010 sumptum-

37 1034 107 1071 que
136 1024 343 1071 recinyitur
374 1034 548 1071 anyaem,
580 1031 610 1062 v
631 1023 715 1062 338
747 1024 937 1061 immissos
967 1022 1105 1060 hedera
1136 1022 1288 1060 collecta
1319 1031 1379 1059 ca-

35 1083 166 1132 pillos,
199 1091 228 1120 v
249 1082 332 1120 575
365 1083 507 1120 virides
536 1093 656 1120 manu
687 1082 830 1120 siccata
861 1080 1036 1129 capillos,
1068 1088 1134 1118 XII
1157 1081 1210 1118 77
1245 1090 1378 1118 canen·

37 1142 93 1179 tia
116 1141 213 1179 eolla
237 1142 324 1188 iuyo
343 1152 510 1188 pressos,
542 1148 610 1178 XII
630 1141 712 1179 431
741 1140 929 1178 hominem
946 1142 1140 1187 protectus
1160 1150 1377 1188 equumque,

38 1207 124 1237 XIII
146 1200 227 1238 732
267 1202 396 1237 atram
432 1199 591 1237 canibus
626 1200 859 1245 succinqz'tur
896 1199 1043 1241 alvum,
1084 1205 1170 1235 XIII
1198 1198 1282 1235 894
1321 1198 1377 1234 in-

38 1259 181 1296 cinctus
208 1259 319 1305 flexis
350 1269 494 1296 cornua
525 1258 632 1296 canis
663 1266 744 1296 XIV
766 1258 849 1295 345
887 1258 993 1305 fulvo
1031 1256 1264 1304 chlamydem
1296 1266 1379 1294 con-

38 1319 181 1355 tractus
212 1317 260 1355 ab
291 1328 398 1355 auro.
548 1312 633 1354 223
667 1316 872 1354 DISPIOIT
905 1323 963 1353 ET
997 1321 1188 1353 TRICCES
1221 1321 1378 1352 REGlo-

38 1382 173 1414 NIBUS
204 1381 436 1413 APPLICA'I'
468 1382 663 1413 ANGUES.
715 1375 773 1413 ita
804 1374 1093 1423 inauspicatam
1125 1385 1253 1411 meam
1285 1373 1379 1411 olim

39 1436 108 1472 aut
139 1433 294 1471 Heinsii
331 1434 632 1483 correctionem,
673 1445 792 1483 quam
830 1435 964 1471 tamen
1005 1432 1183 1481 plerique
1222 1443 1379 1480 recepe-

39 1494 148 1542 runt,
179 1492 395 1531 redemisse
426 1504 489 1530 me
522 1492 673 1541 opinor.
733 1492 826 1530 libri
859 1492 926 1540 qui
956 1491 1231 1539 innotuerunt,
1264 1493 1380 1529 cretes

38 1551 78 1589 M
123 1552 232 1590 cretis
269 1550 337 1588 LE
382 1552 513 1589 creieis
556 1550 786 1588 Vaticanus.
851 1550 972 1588 etiam
1015 1549 1380 1586 Lachmannianum

39 1609 206 1657 Dispicit
247 1609 297 1647 ad
344 1621 428 1647 rem
471 1608 578 1647 facit.
642 1608 791 1646 scilicet
834 1609 1142 1646 consentaneum
1185 1610 1288 1657 erat,
1335 1609 1381 1646 ut

39 1668 88 1706 ad
126 1668 251 1707 vitam
289 1667 393 1706 senis
437 1667 736 1705 refocillandam
774 1666 913 1705 Medea
956 1678 1022 1704 eas
1062 1665 1206 1704 herbas
1251 1666 1380 1716 requi-

39 1728 160 1774 reret,
200 1726 342 1776 quibus
382 1726 433 1764 ad
464 1724 705 1764 reddendam
736 1724 904 1763 mortuis
941 1737 1037 1763 usus
1071 1724 1203 1762 fuerat
1234 1724 1380 1763 Aescu-

40 1785 181 1834 lapius.
230 1785 264 1823 is
297 1787 336 1823 et
367 1787 485 1823 natus
517 1784 722 1822 ferebatur
754 1785 795 1822 et
827 1783 1044 1822 sacrarium
1075 1783 1252 1821 habebat
1271 1783 1378 1821 Tric-

39 1853 107 1882 cae
150 1844 191 1880 in
233 1843 330 1892 ipsis
375 1843 576 1891 Tempeon
620 1842 904 1881 Thessalorum
947 1841 1179 1883 confinibus.
1236 1841 1379 1881 Strabo
1412 1856 1414 1858 ·

40 1915 75 1951 p.
98 1903 179 1940 647
214 1897 240 1941 ὁ
270 1899 367 1950 περὶ
398 1898 586 1949 Τρίκκην,
619 1896 689 1949 ἐφ’
721 1897 754 1951 ᾧ
788 1896 812 1939 ὁ
842 1895 1087 1948 Ἀεκληπιὸε
1125 1900 1379 1949 γεννηθῆναι

40 1958 224 2008 λέγεται,
266 1973 304 2009 p.
325 1961 408 1999 437
442 1956 611 2008 Τρίκκη,
651 1955 763 1998 ὅπου
795 1956 845 1998 τὸ
875 1955 992 2007 ἱερὸν
1024 1957 1102 1997 τοῦ
1132 1954 1380 2007 Ἀεκληπιοῦ

40 2015 89 2057 τὸ
131 2014 432 2067 ἀρχαιότατον,
487 2032 524 2068 p.
558 2019 643 2057 360
688 2013 1214 2065 δείκνυται-Τρικκαίου
1263 2014 1381 2065 ἱερὸν

40 2072 299 2125 Ἀεκληπιοῦ,
330 2072 547 2125 ἀφίδρυμα
577 2076 654 2115 τοῦ
685 2073 733 2115 ἐν
764 2076 813 2127 τῇ
847 2073 1078 2127 Θετταλικῇ
1110 2072 1273 2127 Τρίκκῃ.

40 2132 125 2174 248
158 2142 338 2174 NUMINA
371 2142 509 2174 CIVIT.
559 2135 650 2173 leitil
679 2134 754 2172 ML
785 2135 871 2173 fere
901 2134 976 2173 soli
1007 2129 1067 2186 (et
1098 2135 1187 2173 civit
1216 2147 1263 2173 eX
1293 2135 1380 2183 ipso

39 2194 80 2232 M
111 2190 284 2246 notavi);
308 2195 434 2241 poscit
452 2194 632 2243 plerique
652 2193 808 2242 reliqui,
834 2193 1046 2242 glossema.
1155 2189 1240 2232 276
1267 2192 1380 2231 PRO·

40 2260 244 2291 POSITUM
275 2260 529 2291 INSTRUXIT
556 2259 796 2290 REMORARI
823 2258 1041 2289 TARTARA
1066 2259 1233 2290 MUNUS.
1270 2253 1380 2290 instr-

40 2311 192 2349 moriali
235 2311 405 2350 barbara
446 2310 575 2360 MLE;
620 2310 789 2348 barbara
831 2311 959 2348 maius
1001 2310 1053 2348 M.
1114 2321 1193 2348 non
1229 2310 1381 2348 incuria

39 2368 141 2408 hanc
170 2369 212 2406 M
244 2369 482 2419 scripturam
514 2369 608 2408 olim
639 2368 801 2418 insuper
832 2368 965 2419 habui,
997 2368 1067 2407 sed
1098 2369 1280 2407 accensui
1312 2369 1380 2417 eis,
