1554 2563
93 104 149 146 62
321 117 473 140 ΒΑοοηυε
641 103 855 138 METAMM
869 130 877 138 .

210 214 259 255 Et
290 216 485 266 patriam,
517 215 715 265 morisque
747 215 838 252 novi
870 225 941 253 cur
973 225 1083 253 sacra
1115 211 1384 265 frequentes.’

213 274 277 312 llle
309 279 416 312 metu
448 284 593 312 vacuus
620 270 778 312 ‘nomen
811 269 921 311 mihi'
953 272 1052 312 dixit
1083 269 1286 325 ‘AcoeteS,

210 332 340 371 Patria
370 331 545 371 Maeonia
577 337 666 383 est3
698 330 833 370 humili
865 331 912 370 de
944 331 1059 382 plebe
1090 337 1296 383 parentes,

212 390 296 430 Non
327 390 423 430 mihi
455 402 553 441 quae
585 389 675 429 duri
706 390 910 443 colerent,
940 395 1081 442 pater,
1112 401 1201 429 arva
1231 391 1407 442 iuvenci‚

123 457 190 489 585
212 449 471 500 Lanigerosve
502 461 641 500 greges
659 480 671 502 ‚
703 460 781 487 non
813 447 890 487 ulla
922 454 1097 487 armenta
1129 447 1309 499 reliquit.

212 508 365 559 Pauper
397 512 437 547 et
466 509 550 559 ipse
583 508 657 546 fuit
673 538 685 560 ,
716 507 874 558 linoque
907 507 1057 546 solebat
1087 514 1126 546 et
1156 507 1280 546 hamis

214 567 400 619 Decipere
419 598 431 619 ,
462 572 503 605 et
533 566 679 605 calamo
712 566 895 604 salientes
927 566 1074 605 ducere
1105 567 1257 617 pisces.

211 628 284 665 Ars
315 625 371 664 illi
403 637 473 664 sua
505 637 648 664 census
680 629 791 664 erat.
831 636 921 664 cum
952 624 1127 663 traderet
1157 631 1306 675 artem,

213 682 386 736 “Accipe
419 695 516 735 quas
546 683 670 722 habeo
689 715 701 736 ‚
732 682 851 722 studii
883 695 1090 722 successor
1121 688 1162 722 et
1192 682 1309 722 heres
1321 679 1349 735 ,³

121 752 191 784 590
212 744 318 783 Dixit
349 740 459 794 ‘opes
479 739 521 782 .'’
559 743 811 793 moriensque
843 741 938 781 mihi
969 741 1065 781 nihil
1097 741 1161 780 ille
1192 741 1376 794 reliquit,

212 803 374 842 Praeter
394 813 513 853 aquas
533 832 541 840 .
574 813 697 840 unum
716 800 790 839 hoc
809 812 971 852 possum
990 799 1183 852 appellare
1203 806 1410 852 paternum
1429 832 1431 834 .

212 861 300 900 Mox
332 872 403 912 ego
423 891 435 913 ,
466 872 514 898 ne
547 860 720 911 scopulis
751 859 955 898 haererem
987 871 1143 910 semper
1174 860 1214 897 in
1245 858 1393 911 isdem,

213 919 389 959 Addidici
421 921 596 970 regimen
628 918 764 957 dextra
795 917 1023 956 moderante
1055 919 1210 956 carinae

212 978 389 1018 Flectere
408 1009 421 1031 ‚
453 983 492 1016 et
523 977 681 1016 Oleniae
714 976 822 1016 sidus
854 975 1019 1028 pluviale
1053 975 1228 1027 Capellae

125 1045 192 1077 595
212 1037 488 1088 Taygetenque
520 1035 750 1087 Hyadasque
783 1035 907 1074 oculis
938 1034 1163 1086 Arctonque
1195 1035 1323 1073 notavi

212 1094 505 1145 Ventorumque
538 1094 674 1133 domos
705 1100 745 1132 et
774 1101 913 1145 portus
943 1093 1141 1145 puppibus
1173 1098 1305 1145 aptos.

213 1154 329 1193 Forte
360 1159 500 1205 petens
532 1152 654 1192 Delon
687 1152 775 1192 Ciae
808 1152 960 1191 telluris
993 1152 1039 1191 ad
1071 1164 1159 1191 oras

213 1213 395 1264 Applicor
413 1243 425 1264 ‚
457 1217 496 1250 et
527 1211 675 1250 dextris
708 1211 881 1250 adducor
911 1211 1025 1249 litora
1057 1212 1200 1263 remis,

212 1272 348 1322 Doque
379 1270 483 1309 leves
515 1270 636 1309 saltus
668 1269 847 1321 udaeque
878 1270 1055 1309 inmittor
1086 1269 1279 1321 harenae,

126 1339 194 1370 600
212 1330 297 1380 Nox
330 1328 397 1368 ubi
431 1334 662 1380 consumpta
693 1334 754 1367 est
773 1359 782 1367 .
821 1339 961 1367 aurora
994 1327 1206 1367 rubescere
1237 1329 1364 1379 primo

213 1389 434 1440 Coeperat:
466 1399 612 1438 exurgo
631 1418 642 1439 ,
674 1386 887 1438 laticesque
917 1386 1065 1425 inferre
1096 1393 1276 1425 recentes

212 1447 411 1486 Admoneo
431 1477 442 1498 ‚
474 1452 730 1496 monstroque
762 1446 891 1497 viam,
924 1456 1023 1496 quae
1061 1444 1178 1483 ducat
1209 1445 1255 1483 ad
1289 1444 1432 1484 undas.

213 1507 300 1557 lpse
318 1537 330 1558 ,
362 1504 455 1556 quid
487 1516 580 1543 aura
612 1504 707 1542 mihi
739 1503 889 1543 tumulo
920 1504 1124 1555 promittat
1155 1502 1201 1541 ab
1234 1503 1335 1555 alto,

212 1564 415 1615 Prospicio
434 1594 445 1615 ,
477 1565 720 1613 comitesque
752 1574 878 1614 voco,
910 1568 1126 1613 repetoque
1158 1563 1351 1600 carinam.

125 1631 192 1663 605
214 1620 442 1661 “Adsumus
473 1633 523 1660 en
543 1618 585 1660 !”
616 1622 745 1672 inquit
775 1622 972 1660 sociorum
1002 1622 1153 1672 primus
1186 1620 1395 1672 Opheltes,

212 1681 341 1732 thue
372 1686 512 1731 putat,
544 1680 726 1731 praedam
759 1679 915 1718 deserto
948 1685 1087 1718 nactus
1118 1681 1158 1717 in
1190 1690 1307 1731 agro,

212 1739 395 1790 Virginea
426 1750 594 1789 puerum
626 1737 735 1777 ducit
764 1750 836 1789 per
866 1738 981 1776 litora
1012 1738 1159 1776 forma.

213 1798 280 1837 Ille
312 1808 421 1836 mero
453 1808 669 1846 somnoque
700 1798 828 1847 gravis
859 1795 1029 1835 titubare
1060 1796 1237 1849 videtur,

213 1855 361 1907 Vixque
394 1856 534 1906 sequi.
573 1859 708 1905 specto
740 1854 889 1893 cultum
920 1854 1137 1905 faciemque
1169 1854 1435 1907 gradumque;

126 1923 193 1955 610
212 1915 274 1954 Nil
306 1913 361 1953 ibi
393 1913 497 1965 quod
531 1913 637 1952 credi
669 1919 803 1964 posset
834 1911 1028 1965 mortale,
1058 1911 1258 1952 videbam.

213 1973 263 2012 Et
293 1973 400 2012 sensi
431 1977 472 2011 et
497 1971 576 2011 dixi
608 1972 724 2010 sociis
757 1968 893 2022 “quod
926 1981 1072 2010 numen
1104 1972 1144 2010 in
1170 1973 1246 2011 isto

214 2031 387 2083 Corpore
420 2032 471 2070 sit
487 2061 499 2083 ‚
530 2028 696 2069 dubito:
728 2028 795 2069 sed
828 2040 993 2080 corpore
1026 2041 1171 2068 numen
1191 2031 1231 2069 in
1256 2031 1332 2069 isto
1353 2036 1434 2069 est.

215 2090 401 2140 Quisquis
433 2101 505 2142 es,
536 2101 559 2127 o
591 2088 719 2127 faveas
737 2119 748 2140 ,
781 2089 1005 2138 nostrisque
1037 2087 1236 2127 laboribus
1268 2088 1394 2128 adsis:

214 2148 282 2187 His
314 2160 471 2199 quoque
503 2147 572 2186 des
604 2148 755 2185 veniam
775 2142 815 2185 .'’
854 2142 956 2197 “pro
989 2145 1101 2184 nobis
1120 2147 1230 2185 mitte
1250 2143 1434 2198 precari'’

126 2215 193 2247 615
214 2207 345 2257 Dictys
378 2208 432 2245 anit
448 2238 459 2257 ,
491 2217 569 2257 quo
601 2217 678 2244 non
711 2205 809 2244 alius
841 2204 1106 2243 conscendere
1139 2217 1309 2244 summas

214 2265 332 2303 Ocior
363 2270 565 2303 antemnas
583 2295 595 2316 ,
627 2275 850 2315 prensoque
875 2261 1041 2302 rudente
1073 2262 1218 2301 relabi.

214 2322 296 2361 Hoc
329 2321 444 2372 Libys
464 2353 474 2371 ‚
505 2322 580 2360 hoc
612 2321 733 2361 ssavus
753 2353 763 2373 ,
794 2332 934 2372 prorae
966 2320 1086 2359 tutela
1106 2353 1116 2369 ‚
1147 2321 1389 2373 Melanthus,
