1554 2563
131 127 245 162 XLVI

131 238 339 288 desumpta
365 239 468 276 sunt.
525 238 752 276 discrimina
777 239 908 277 omnia
936 238 1090 277 enotari
1120 251 1198 277 non
1225 240 1286 277 est
1312 249 1474 287 operae:

132 298 225 335 sunt
254 309 325 335 nec
357 309 403 335 ea
433 297 568 346 magni
599 297 800 346 momenti,
832 309 933 346 quae
960 309 1006 335 ex
1032 298 1115 335 solo
1142 297 1174 334 Ε
1200 299 1362 346 recepta
1392 296 1474 334 fue-

131 358 242 403 runt,
288 357 370 394 100
412 355 537 394 herbis
585 357 666 394 173
710 367 778 394 nec
818 357 901 394 481
949 356 1127 395 Latiaris
1172 356 1254 394 552
1294 356 1349 394 Et
1392 357 1475 395 694
1553 375 1554 387 ι

130 425 264 461 pressa
293 417 416 461 estque
449 415 531 452 696
566 427 655 452 oum
686 414 936 464 paucissimis
969 415 1115 465 classis,
1147 415 1251 465 quod
1283 427 1304 453 e
1336 413 1477 463 Vergi-

132 473 185 511 lio
213 473 382 511 inlatum
407 472 472 511 vix
497 473 732 522 putaverim.
784 473 852 512 sed
876 474 1029 511 numeri
1055 476 1262 522 ponentur.
1313 472 1476 512 discessi

133 533 182 569 ab
214 531 247 569 Ε
281 531 330 569 ad
369 532 585 580 scripturas
624 533 801 570 codicum
839 532 990 581 aliquot
1020 532 1174 571 Heinsii
1213 534 1265 570 22
1301 533 1352 570 41
1394 533 1473 571 107

133 589 284 638 (potest)
337 591 419 629 232
472 592 554 629 315
607 592 692 629 416
744 592 827 629 443
874 591 1078 639 (Externa)
1125 592 1208 630 503
1256 592 1339 630 634
1392 592 1473 630 642

135 650 217 687 715
258 650 340 687 718
383 650 464 688 737
505 650 607 688 804;
647 649 697 687 ad
734 650 951 699 vulgatam,
982 662 1082 698 quae
1115 649 1276 700 dicitur,
1314 651 1384 688 aut
1415 662 1476 687 ex·
1535 663 1538 666 ⁴

133 709 194 746 tat
223 708 328 756 apud
360 707 567 754 Jahnium,
602 710 654 746 23
688 707 832 757 (Quod)
867 710 919 747 78
953 708 1121 747 omissus
1157 711 1237 748 177
1276 709 1356 747 188
1393 709 1474 747 247

135 767 217 805 275
260 767 342 805 285
384 768 465 805 287
502 765 748 814 (plzorasque)
789 769 869 805 311
906 766 1149 816 (Admotum)
1183 768 1265 806 315
1301 763 1475 819 (Gratis)

135 826 217 863 326
265 824 469 875 (Pretides)
510 827 592 864 329
640 827 722 864 332
769 824 994 874 (plzaenum)
1036 827 1118 864 337
1162 824 1345 875 (ortyyia)
1392 827 1474 865 342

136 885 219 922 360
260 885 342 922 368
383 885 466 922 403
508 885 591 922 465
631 885 715 922 475
756 886 840 923 496
882 886 965 923 504
1000 884 1262 933 (Dampnauit
1285 886 1476 923 meritum-

134 953 204 989 que
233 943 349 981 nichil
379 946 489 990 pater
527 944 610 981 eicit
646 943 756 990 urbe)
795 944 878 982 506
919 944 1003 982 524
1047 945 1129 982 606
1171 945 1255 982 620
1288 942 1475 991 (auratis)

136 1002 216 1039 651
265 1002 346 1039 708
390 1000 656 1050 (Leucoriam)
704 1003 783 1039 711
825 1001 988 1049 (fabius)
1036 1003 1119 1040 720
1165 1004 1246 1040 723
1296 1003 1376 1041 739
1428 1002 1477 1040 ad

137 1061 220 1098 744
258 1073 332 1098 om.
366 1072 388 1097 a
419 1072 538 1097 manu
576 1073 633 1109 pr.
681 1062 761 1099 728
804 1062 887 1099 760
928 1062 1028 1108 789,
1075 1061 1157 1120 7188
1197 1063 1345 1111 transp.
1392 1062 1475 1099 803

136 1120 220 1156 810
265 1120 347 1157 848
394 1119 478 1156 854
525 1120 621 1158 876.

241 1223 388 1273 Scripsi
419 1224 578 1261 ineunte

195 1295 295 1321 anno
326 1290 617 1321 mocccnxxv.
1285 1280 1332 1322 R.
1366 1281 1417 1323 M.

253 1470 367 1509 Anno
388 1469 527 1508 deinde
547 1469 754 1507 LXXVIII
773 1470 813 1508 in
832 1471 964 1510 verbis
984 1472 1125 1520 poetae
1146 1484 1297 1510 errores
1318 1473 1477 1522 typogr.

135 1526 289 1579 aliquot
320 1529 475 1567 sustuli.
537 1529 577 1567 in
608 1528 854 1578 praefatione
893 1542 1036 1579 operae
1068 1532 1108 1569 et
1141 1530 1272 1580 operis
1303 1531 1478 1582 peperoi3

137 1600 237 1637 quae
268 1588 309 1625 in
339 1587 589 1637 marginibus
621 1587 812 1626 adnotata
842 1588 935 1638 vidi,
966 1589 1040 1628 hoc
1070 1589 1155 1628 loco
1188 1589 1348 1628 subieci.

137 1643 162 1685 I
199 1642 291 1685 190
333 1646 412 1695 (ἀι,
451 1646 580 1696 cura),
620 1641 676 1695 ᾧ.
714 1658 850 1694 eorpus
881 1647 1010 1686 Notae
1048 1648 1180 1698 Magn.
1216 1649 1270 1686 46
1311 1662 1347 1697 p.
1381 1650 1477 1688 290.

256 1701 349 1743 664
381 1705 468 1744 add.
506 1705 648 1754 fragm.
680 1705 821 1744 Aeseh.
863 1707 945 1745 120
977 1705 1094 1744 Dind.
1213 1702 1268 1744 II
1290 1701 1378 1745 774
1410 1707 1478 1746 cfr.

137 1763 193 1800 VI
228 1765 309 1802 628
342 1764 398 1802 IX
436 1766 538 1813 527,
577 1763 810 1803 Winckelm.
850 1776 938 1813 opp.
970 1764 1028 1801 VI
1065 1779 1101 1813 p.
1138 1767 1218 1803 105
1261 1779 1323 1804 vv.
1361 1768 1474 1804 16-

141 1824 205 1873 19,
227 1824 292 1862 23.
414 1818 496 1860 III
523 1818 611 1861 675
639 1822 726 1862 add.
752 1822 808 1860 XI
835 1823 900 1861 60.
1022 1818 1117 1862 VII
1146 1819 1235 1862 757
1265 1823 1333 1863 cfr.
1360 1824 1476 1874 Prop.

136 1881 194 1918 IV
223 1884 243 1918 1
282 1884 302 1919 1
337 1881 430 1920 Hor.
460 1893 489 1919 e.
523 1880 563 1918 II
599 1882 650 1920 18
687 1882 751 1920 14.
871 1876 939 1919 VI
973 1877 1067 1919 200
1099 1882 1168 1922 cfr.
1201 1886 1387 1930 quantum
1416 1885 1478 1922 ira

135 1941 243 1989 sinit,
280 1941 451 1988 formosa
481 1953 516 1978 v,
553 1942 646 1978 167.
704 1936 821 1978 ‘colla
850 1940 1023 1978 solemma
1060 1942 1101 1979 in
1138 1942 1250 1980 bocca
1288 1942 1332 1980 ed
1369 1953 1477 1980 arro-

137 1999 251 2037 tando
273 1999 330 2046 yla·
359 1994 445 2037 rrr'
479 1999 544 2037 Az.
572 1999 651 2037 Ric.
682 2001 702 2036 1
730 2011 766 2046 p.
795 1999 890 2037 256.
1010 1994 1105 2037 VII
1133 1995 1225 2037 276
1259 2000 1341 2040 cod.
1366 2000 1478 2038 Harl.

136 2057 237 2096 Mus.
264 2057 364 2096 Brit.
397 2059 511 2096 2610
543 2069 641 2096 saec.
674 2057 729 2094 XI
755 2057 913 2096 Metam.
939 2056 1000 2094 III
1031 2059 1110 2096 157
1145 2056 1352 2108 nemorale]
1380 2071 1478 2098 mor-

137 2116 220 2153 tale.
311 2111 406 2153 VII
436 2111 523 2153 741
552 2116 640 2155 add.
666 2115 765 2153 VIII
791 2116 886 2154 509.
983 2111 1104 2154 VIII
1129 2111 1218 2155 118
1246 2117 1314 2156 cfr.
1334 2116 1478 2157 Catull.

139 2175 205 2224 28,
227 2176 250 2212 6
277 2175 318 2211 in
344 2175 484 2212 tabulis
500 2177 619 2222 patet.
738 2169 813 2212 IX
833 2168 926 2211 406
953 2174 1071 2213 Trist.
1091 2174 1127 2210 V
1156 2176 1209 2213 14
1239 2177 1291 2213 12
1315 2175 1478 2225 spuria?

214 2227 308 2270 416
335 2233 499 2270 delenda
519 2234 660 2272 omnia.
763 2228 838 2271 XI
860 2228 951 2270 366
978 2232 1045 2271 cfr.
1066 2233 1302 2283 Michelang.
1324 2235 1432 2274 Terz.
1453 2236 1477 2272 2

138 2290 210 2328 sub
243 2291 306 2330 fin.
369 2287 464 2329 ‘Che
486 2294 607 2339 passo
638 2292 668 2330 il
697 2303 795 2334 mar,
829 2302 847 2329 e
869 2292 939 2339 poi
971 2292 1093 2340 affoqo
1124 2293 1186 2331 nei
1216 2287 1364 2333 mocoi'.

137 2345 266 2387 XIII
300 2344 390 2388 632
425 2350 554 2398 fines,
588 2349 702 2390 Hes.
