1554 2563
94 90 179 132 202
323 102 498 125 omasum
648 88 864 123 METAMM
874 118 882 126 ,

212 200 301 239 Flos
334 199 451 239 habet
482 200 746 252 inscriptum,
779 200 1010 250 funestaque
1043 198 1171 238 littera
1203 199 1319 239 ducta
1351 207 1432 239 est.

211 259 292 298 Nec
324 260 505 310 genuisse
537 259 658 310 pudet
690 258 857 309 Sparten
889 257 1163 311 Hyacinthon,
1194 257 1397 310 honorque

212 317 335 356 Durat
366 319 405 356 in
438 317 512 356 hoc
544 319 653 369 aevi,
685 315 996 367 celebrandaque
1028 328 1136 355 more
1168 318 1346 368 priorum

212 376 349 415 Annua
381 375 551 427 praelata
581 375 750 415 redeunt
781 374 1010 426 Hyacinthia
1041 387 1203 426 pompa.

125 444 192 474 220
270 436 320 474 At
350 437 383 473 si
415 435 516 473 forte
547 447 662 485 roges
695 433 902 473 fecundam
932 433 1167 473 Amathunta
1200 433 1387 486 metallis,

213 494 271 532 An
303 495 486 545 genuIsse
519 493 609 532 velit
640 492 923 545 Propoetidas,
955 491 1100 532 abnuet
1131 505 1253 543 aeque

212 553 338 604 Atque
370 552 487 605 illos,
518 553 673 603 gemino
706 551 902 602 quondam
934 550 1076 602 quibus
1108 563 1244 603 aspera
1276 563 1397 592 cornu

212 611 337 650 Frons
369 615 481 658 erat;
514 610 616 649 unde
649 612 765 649 etiam
797 622 939 648 nomen
974 616 1126 649 traxere
1159 609 1364 649 Cerastae.

214 670 313 709 Ante
347 670 451 708 fores
483 669 625 708 horum
657 669 785 708 stabat
816 668 916 707 Iovis
948 668 1122 720 Hospitis
1147 681 1236 722 ara,

125 736 191 768 225
211 728 386 779 Ingluvie
419 728 608 767 sceleris.
646 739 762 778 quam
794 728 916 779 siquis
949 729 1137 779 sanguine
1170 729 1330 767 tinctam

213 788 368 826 Advena
400 787 589 840 vidisset,
620 791 810 825 mactatos
842 785 1022 825 crederet
1052 786 1131 825 illic

213 845 419 885 Laetantes
451 845 592 885 vitulos
623 844 991 896 Amathusiacasque
1023 844 1223 885 bidentes.

213 904 365 957 Hospes
397 910 481 944 erat
512 916 650 943 caesus
675 935 683 943 .
722 905 844 942 sacrIS
875 905 1022 942 offensa
1054 903 1254 956 nefandis,

213 963 300 1015 Ipsa
332 975 422 1003 suas
455 962 574 1002 urbes
607 962 873 1014 Ophiusiaque
905 974 994 1001 arva
1025 962 1186 1014 parabat

127 1030 193 1062 ¹230
215 1022 405 1062 Deserere
438 1022 536 1061 alma
569 1021 698 1060 Venus
718 1052 727 1060 .
766 1018 866 1060 “sed
898 1020 992 1071 quid
1024 1020 1108 1060 loca
1139 1027 1276 1074 grata,
1309 1021 1402 1073 quid

1319 1080 1438 1119 urbes

216 1140 434 1179 Peccavere
467 1151 575 1179 meae
595 1137 617 1178 ‘?
648 1139 753 1190 quod
785 1136 951 1178 crimen'
984 1139 1080 1178 dixit
1112 1136 1167 1178 ‘in
1199 1136 1309 1178 illis?

214 1198 338 1238 Exilio
371 1210 537 1250 poenam
568 1199 699 1249 potius
731 1210 827 1249 gens
859 1199 975 1249 impia
1006 1197 1173 1250 pendat,

217 1256 282 1296 Vel
314 1269 439 1309 nece,
472 1257 531 1296 vel
563 1256 691 1307 siquid
724 1257 894 1295 medium
925 1258 1142 1307 mortisque
1176 1257 1390 1308 fugaeque.

214 1316 335 1367 quue
357 1315 450 1367 quid
471 1327 556 1354 esse
576 1320 729 1367 potest,
749 1316 825 1353 nisi
840 1326 972 1354 versae
987 1327 1112 1366 poena
1126 1315 1272 1366 figurae
1283 1312 1370 1354 ‘?''f.
1385 1323 1438 1350 cli.

128 1383 194 1414 235
217 1375 315 1414 Dum
349 1374 529 1426 dubitat,
561 1386 637 1425 quo
670 1378 796 1412 mutet
826 1385 923 1427 eos,
955 1373 1001 1412 ad
1034 1385 1181 1413 cornua
1213 1374 1361 1413 vultum

216 1433 341 1472 Flexit
363 1465 374 1486 ,
407 1438 446 1471 et
477 1433 673 1471 admonita
705 1437 765 1471 est
794 1432 890 1470 haec
922 1432 996 1470 illis
1028 1444 1143 1483 posse
1175 1432 1367 1483 relinqui:

217 1491 463 1542 Grandiaque
494 1493 535 1530 in
568 1496 699 1530 torvos
732 1491 983 1529 transformat
1020 1490 1193 1530 membra
1231 1492 1439 1531 iuvencos.

276 1550 377 1590 Sunt
415 1556 544 1589 tamen
583 1549 775 1588 obscenae
809 1548 1000 1588 Venerem
1031 1549 1287 1601 Propoetides
1324 1562 1439 1590 ausae

216 1610 313 1649 Esse
347 1621 490 1661 negare
522 1608 662 1648 deam.
700 1620 771 1660 pro
805 1620 882 1659 quo
915 1620 984 1647 sua
1003 1639 1013 1658 ,
1046 1610 1216 1647 numinis
1248 1610 1329 1661 ira,

129 1677 196 1709 240
217 1668 391 1720 Corpora
422 1680 513 1707 cum
544 1668 667 1706 forma
698 1667 846 1718 primae
881 1667 1056 1718 vulgasse
1088 1667 1293 1708 feruntur:

219 1727 346 1778 thue
378 1727 506 1778 pudor
539 1727 679 1777 cessit,
711 1726 949 1776 sanguisque
981 1725 1159 1764 induruit
1190 1727 1294 1779 oris,

217 1785 261 1824 In
292 1784 461 1836 rigidum
492 1796 611 1836 parvo
644 1784 793 1823 silicem
825 1783 1049 1823 discrimine
1082 1796 1240 1824 versae.
1333 1793 1440 1819 scm.

277 1844 381 1890 Quas
414 1845 504 1895 quia
534 1843 759 1895 Pygmalion
791 1854 928 1881 aevum
959 1855 1031 1894 per
1063 1844 1212 1881 crimen
1245 1850 1404 1895 agentes

220 1902 403 1955 Viderat,
435 1903 608 1941 offensus
640 1903 771 1953 vitiis,
803 1913 902 1952 quae
933 1900 1100 1952 plurima
1132 1903 1254 1941 menti

131 1969 197 2000 245
219 1961 425 2000 Femineae
459 1966 598 2000 natura
631 1960 766 2012 dedit,
799 1961 882 1998 sine
915 1961 1080 2011 coniiige
1112 1959 1264 2000 caelebs

220 2019 407 2073 Vivebat,
440 2019 675 2070 thalamique
708 2018 775 2057 diu
807 2024 989 2057 consorte
1021 2017 1200 2058 carebat.

218 2079 371 2118 Interea
403 2079 560 2117 niveum
591 2079 689 2116 mira
720 2077 887 2116 feliciter
918 2082 1000 2115 arte

220 2137 394 2188 Sculpsit
425 2136 523 2176 ebur
541 2168 552 2189 ,
583 2136 826 2187 formamque
858 2134 992 2188 dedit,
1025 2148 1100 2186 qua
1131 2136 1274 2176 femina
1305 2139 1413 2177 nasci

219 2195 331 2235 Nulla
362 2200 521 2247 potest:
553 2196 761 2246 operisque
794 2195 856 2233 sui
888 2196 1068 2246 concepit
1099 2206 1293 2235 amorem.

133 2261 200 2293 250
222 2253 389 2305 Virginis
422 2259 482 2293 est
513 2265 625 2292 verae
659 2253 807 2305 facies,
838 2264 953 2303 quam
985 2254 1114 2291 vivere
1147 2254 1306 2308 credas,

220 2311 269 2351 Et
285 2343 298 2365 ‚
330 2314 364 2351 si
395 2323 473 2351 non
506 2311 636 2351 obstet
666 2312 916 2364 reverentia,
949 2310 1045 2350 velle
1077 2313 1248 2352 moveri:
