1554 2563
166 133 231 169 XX

283 241 388 283 LIB.
408 241 492 283 VII
524 259 558 283 v.
593 242 618 284 8
651 245 809 284 obelum
839 246 954 295 posui
985 247 1031 284 ut
1062 258 1102 283 m
1133 258 1176 284 re
1208 244 1383 294 ancipiti,
1414 244 1502 282 bar-

166 304 318 342 bariem
337 303 536 353 prohibui.
581 304 684 353 quod
709 304 937 354 proecdosis
962 304 1115 354 habuit,
1142 316 1188 342 ex
1214 304 1246 341 E
1273 304 1506 353 petiveram,

173 363 325 410 Voxque
364 362 589 412 tolerabile,
628 365 799 401 numeris
830 363 939 401 nullo
971 363 1104 412 modo,
1141 374 1213 400 nec
1245 363 1279 400 si
1309 364 1392 400 tres
1424 361 1507 411 qui-

166 421 256 459 dem
298 421 456 459 labores
505 423 697 470 putentur
740 434 787 460 ex
829 435 891 460 vv.
927 422 1118 471 29—31,
1164 422 1237 469 35,
1287 420 1365 470 qui-
1403 419 1508 469 apud.

166 479 422 529 Apollonium
450 481 603 518 111410
629 480 713 518 415
742 480 818 518 duo
847 481 955 529 sunt3
987 491 1144 518 numero
1170 481 1304 517 autem
1331 480 1508 517 mutasse

165 538 351 576 librarios
390 550 468 577 non
505 538 634 588 magis
666 539 855 577 credibile
887 540 966 587 est,
1005 550 1123 587 quam
1160 538 1283 576 libros
1314 537 1507 586 plurimOS

166 597 313 635 habere
351 598 511 645 Minyis.
573 597 722 636 habent
762 598 875 644 Visq,·
926 596 1018 646 ML,
1061 598 1233 635 numeris
1269 596 1389 633 MLE.
1451 597 1509 634 vis

165 656 356 693 horrenda
388 656 562 694 laborum
593 657 709 694 datur
739 656 908 693 latinum
939 667 1038 705 esse,
1070 657 1177 693 certe
1208 657 1362 705 poetae,
1392 666 1507 693 nemo

166 714 285 753 velim
324 714 536 752 existimet.
598 714 688 752 dedi
724 714 850 764 igitur
888 714 992 763 quod
1029 714 1250 762 proximum
1288 714 1350 751 est
1387 715 1427 751 et
1459 713 1507 751 ad

167 773 406 811 sententiam
448 773 531 811 fere
575 772 692 811 huius
736 773 842 811 modi
885 773 1090 822 collineat,
1135 768 1359 810 ‘etiamtum
1398 783 1509 810 mora

166 827 431 881 iniciebatur',
462 831 780 880 interpunctione
807 833 899 881 post
923 845 958 870 v.
981 833 1004 870 8
1038 832 1203 880 mutata,
1234 833 1280 868 ut
1306 830 1410 880 quod
1429 843 1464 868 v.
1482 832 1505 868 9

167 891 228 928 est
259 892 403 929 interea
434 890 485 927 ad
522 902 610 928 eam
647 902 800 928 moram
830 889 1039 928 referatur.
1100 889 1250 938 legitur
1280 889 1337 927 ita
1368 897 1398 926 X
1421 889 1503 927 643

166 960 233 987 nec
269 950 352 996 opis
388 960 499 987 mora
536 949 650 996 Ionya
686 949 864 992 dabatur,
901 949 939 986 h.
959 960 991 986 e.
1025 943 1346 997 ‘requirebatur’.
1408 959 1508 997 quae

167 1020 242 1046 vox
272 1019 425 1045 moram
457 1007 681 1056 significare
713 1009 754 1045 et
786 1007 834 1045 ab
858 1006 1027 1045 indoctis
1059 1006 1235 1044 librariis
1267 1006 1310 1043 in
1339 1007 1510 1044 numeris

167 1066 367 1114 corrumpi
399 1066 585 1114 potuerit,
617 1066 704 1104 visa
734 1065 832 1103 mihi
864 1067 924 1103 est
955 1066 1128 1104 remoris.
1183 1067 1245 1103 est
1275 1064 1316 1102 id
1348 1064 1509 1102 adiecti·

167 1137 260 1163 vum
293 1124 398 1173 apud
430 1125 594 1162 Festum
625 1138 662 1173 p.
684 1126 766 1163 277
802 1124 983 1162 Remores
1014 1125 1101 1162 item
1132 1124 1174 1161 in
1205 1124 1388 1171 auspiciis
1420 1133 1509 1162 aves

167 1184 346 1222 dicuntur
378 1183 463 1221 rell.
527 1183 595 1221 sed
633 1195 733 1232 quae
772 1182 918 1221 similia
948 1182 1163 1232 habentur,
1190 1195 1227 1231 p.
1252 1183 1332 1221 197
1357 1180 1510 1220 Oscines

171 1253 323 1280 aves—
341 1253 455 1289 quac,
493 1254 531 1290 p.
552 1242 634 1279 245
668 1241 870 1289 Praepetes
901 1251 991 1279 aves
1021 1240 1213 1284 dicuntur,
1245 1252 1359 1288 quae,
1398 1240 1509 1278 Paul.

170 1314 203 1350 p.
228 1301 322 1350 109,
347 1302 397 1338 19
425 1300 590 1338 Inebrae
621 1312 726 1350 aves,
758 1311 871 1347 quae,
909 1311 998 1337 cum
1030 1300 1165 1348 glossa
1196 1299 1373 1337 Labbaei
1405 1298 1510 1348 apud

169 1359 280 1397 Mull.
312 1372 348 1408 p.
372 1360 424 1396 76
452 1359 597 1397 Inebra
628 1354 782 1406 ὄρνεον
814 1354 1102 1406 μαντευτικόν,
1136 1358 1236 1395 Plin.
1263 1357 1312 1395 N.
1332 1358 1369 1396 h.
1401 1366 1433 1395 X
1454 1359 1505 1396 37

168 1418 282 1457 clivia
313 1418 413 1465 avis,
454 1418 559 1456 subis
590 1419 691 1461 avis,
738 1418 830 1456 sunt
868 1417 1017 1455 scilicet
1053 1417 1242 1466 pleraque
1274 1416 1380 1465 apud
1411 1416 1509 1454 Var-

167 1488 321 1526 ronem,
354 1475 557 1526 Ovidium,
590 1476 764 1514 Plinium
793 1488 865 1524 pro
898 1475 1172 1514 substantivis.
1232 1475 1407 1512 indicata
1436 1475 1507 1524 igi-

167 1537 234 1574 tur
265 1536 362 1584 puto
395 1546 496 1584 quae
527 1534 633 1583 apud
664 1534 921 1584 Apollonium
953 1535 1045 1572 sunt
1077 1526 1130 1571 111
1158 1534 1402 1583 502-520,
1432 1545 1511 1571 non

168 1594 299 1643 ipsum
329 1593 429 1631 illud
462 1593 675 1643 augurium
705 1606 740 1632 v.
763 1594 858 1632 540.
908 1592 1035 1630 multa
1066 1592 1170 1630 enim
1202 1593 1305 1642 sunt,
1333 1604 1433 1641 quae
1460 1592 1509 1630 ab

170 1652 312 1692 Ovidio
345 1652 474 1691 obiter
500 1652 738 1701 delibantur,
771 1651 818 1689 de
845 1663 980 1690 sorore
1010 1664 1046 1689 v.
1069 1651 1136 1700 54,
1170 1651 1217 1689 de
1249 1651 1382 1689 herbis
1415 1651 1509 1688 alla-

169 1712 222 1750 tis
256 1712 322 1760 95,
354 1710 486 1759 Apoll.
522 1711 617 1760 738,
650 1711 747 1760 844,
779 1710 826 1748 de
859 1710 1026 1748 dracone
1061 1711 1156 1759 149,
1187 1711 1326 1758 utpote
1358 1721 1380 1747 e
1412 1709 1509 1747 Var-

170 1769 277 1808 ronis
312 1769 470 1807 Atacini
508 1769 618 1818 poesi
656 1769 697 1806 in
727 1769 873 1818 vulgus
910 1770 1017 1806 nota.
1078 1768 1168 1805 hinc
1200 1769 1287 1805 erat
1318 1767 1422 1817 quod
1455 1769 1506 1806 99

171 1831 210 1868 in
235 1836 379 1867 TESCA
406 1827 603 1877 dederam,
636 1839 713 1876 qua
738 1839 832 1866 voce
859 1824 955 1865 ἕλος
988 1826 1061 1875 Ap.
1086 1827 1166 1864 168
1200 1827 1284 1865 489
1317 1827 1509 1875 interpre-

170 1889 280 1926 tatus
317 1886 538 1925 videbatur.
601 1889 694 1924 tecta
730 1885 930 1935 Hauptius
973 1884 1121 1923 Aeetae
1160 1885 1276 1923 aedes
1315 1884 1508 1934 quomodo

172 1946 295 1995 accipi
325 1957 442 1994 posse
472 1946 604 1994 putet,
641 1957 720 1983 non
756 1956 956 1993 assequor.
1018 1944 1139 1981 etiam
1175 1945 1268 1992 post
1298 1946 1509 1992 certamen,

172 2018 206 2044 v.
231 2005 324 2053 143,
358 2003 406 2041 ad
426 2015 567 2042 navem
587 2003 778 2042 victorem
803 2003 944 2041 heroas
970 2001 1178 2040 deduxisse
1203 2005 1510 2040 consentaneum

173 2067 251 2112 est;
289 2074 406 2113 quam
439 2062 488 2100 ob
519 2074 604 2100 rem
639 2063 719 2101 147
752 2074 824 2110 pro
863 2060 959 2099 satis
990 2060 1126 2109 inepto
1165 2064 1318 2108 aspectu
1354 2061 1511 2099 laetaris

173 2121 308 2159 malim
335 2128 562 2166 SECTARIS,
594 2120 677 2159 fere
704 2119 916 2159 secundum
936 2119 1067 2167 Apoll.
1087 2119 1171 2156 446
1205 2115 1306 2157 νόος
1331 2117 1377 2158 δέ
1405 2115 1506 2158 οἱ-

174 2176 367 2228 ἑρπύῑων
399 2175 614 2228 πεπότητο
647 2174 734 2227 μετ’
757 2175 871 2227 ἴχνια
896 2174 1167 2224 νειεομένοιο.
1213 2177 1365 2216 Statius
1385 2177 1508 2215 Theb.

174 2247 204 2277 v
225 2239 306 2276 483
330 2238 600 2285 Prosequimur
624 2239 718 2276 visu.
859 2232 941 2275 155
972 2242 1176 2274 Icno'ros
1209 2242 1387 2274 ocutos
1420 2243 1509 2275 s1131

175 2296 290 2335 facile
321 2296 513 2346 persuasi,
548 2298 590 2334 ut
621 2296 787 2345 posthac
819 2295 1012 2333 ederetur.
1061 2295 1187 2332 oculos
1216 2295 1282 2333 ubi.
1312 2294 1433 2344 ΗΒΕ,
1463 2295 1510 2332 ut

175 2367 296 2405 supra
326 2363 375 2394 VI
395 2355 448 2392 46
483 2356 573 2398 eaesi,
605 2365 683 2393 eru.
806 2350 889 2392 162
913 2359 1040 2392 vom
1065 2359 1221 2403 mmm,
1252 2354 1298 2391 ut
1328 2361 1391 2392 xv
1413 2353 1508 2391 794.
