1554 2563
595 117 652 152 111
668 145 675 159 ‚
701 120 885 151 654—727
902 143 910 150 .
1053 128 1227 150 murmane
1370 115 1426 157 65

203 229 361 268 Accessi
392 229 513 267 sacris
545 226 797 278 Baccheaque
830 238 938 265 sacra
970 226 1177 276 frequento
1193 222 1218 264 .'

205 285 479 327 ‘praebuimus
510 282 651 337 longis'
683 285 883 324 Pentheus
917 281 1159 335 ‘ambagibus
1190 296 1305 323 aures
1319 280 1345 337 ,⁹

204 346 337 398 Inquit
369 343 429 384 ‘ut
459 347 516 384 ira
548 356 655 383 mora
688 346 790 383 vires
822 343 1028 382 absumere
1061 348 1215 395 posset.

205 404 464 456 Praecipitem
497 402 630 442 famuli
661 404 785 454 rapite
819 402 923 441 hunc
942 434 953 453 ‚
985 404 1235 452 cruciataque
1261 401 1357 440 diris

118 472 186 504 695
209 463 382 514 Corpora
414 463 620 502 tormentis
648 461 802 513 Stygiae
835 461 1027 499 demittite
1061 458 1205 499 nocti.'

204 522 390 561 Protinus
423 519 644 559 abstractus
675 520 809 559 solidis
841 519 1069 570 Tyrrhenus
1100 520 1265 558 Acoetes

206 580 409 620 Clauditur
439 581 479 618 in
513 581 656 618 tectis:
687 584 727 618 et
758 578 850 617 dum
884 577 1056 617 crudelia
1087 579 1216 616 iussae

204 639 469 678 Instrumenta
501 640 610 677 necis
642 639 870 688 ferrumque
902 638 1090 688 ignesque
1124 642 1329 688 parantur,

207 697 354 749 Sponte
387 709 457 736 sua
487 698 661 748 patuisse
694 696 798 735 sores
818 727 829 748 ,
855 695 1059 747 lapsasque
1092 694 1248 734 lacertis

118 765 185 796 700
207 756 354 807 Sponte
387 767 456 795 sua
489 756 587 794 fama
620 762 679 793 est
711 754 817 794 nullo
843 754 1016 793 solvente
1050 760 1230 793 catenas.

264 815 418 854 Perstat
442 814 679 853 Echionides
700 844 709 853 .
754 825 825 852 nec
857 814 932 851 iam
959 813 1068 851 iubet
1098 814 1155 851 ire
1175 844 1186 864 ,
1218 812 1286 851 sed
1318 814 1400 864 ipse

205 873 339 925 Vadit,
371 872 438 912 ubi
472 872 620 911 electus
653 871 827 911 facienda
860 871 906 910 ad
934 883 1043 910 sacra
1075 871 1284 910 Cithaeron

207 931 396 971 Cantibus
428 938 468 970 et
500 931 600 970 clara
634 930 892 969 bacchantum
924 942 1018 968 voce
1051 929 1236 969 sonabat.

204 990 255 1029 Ut
286 991 419 1030 fremit
450 1002 540 1029 acer
571 1001 696 1041 equus
715 1021 726 1041 ,
758 1001 847 1028 cum
880 988 1042 1027 bellicus
1068 1001 1157 1026 aere
1190 1001 1333 1027 canoro

119 1057 185 1089 ⁷05
209 1049 326 1100 Signa
359 1049 465 1087 dedit
496 1047 685 1100 tubicen,
716 1059 948 1099 pugnaeque
981 1048 1144 1085 assumit
1176 1060 1373 1098 amorem,

205 1107 378 1147 Penthea
409 1109 466 1146 sic
496 1108 599 1146 ictus
629 1106 754 1157 longis
786 1105 998 1145 ululatibus
1030 1106 1164 1144 aether

208 1167 355 1218 Movit,
388 1172 427 1204 et
458 1166 588 1204 audito
623 1165 790 1204 clamore
822 1165 1027 1203 recanduit
1058 1166 1137 1202 ira.

207 1225 337 1264 Monte
370 1225 452 1263 fere
485 1224 613 1262 medio
646 1230 734 1276 est,
767 1223 1014 1274 cingentibus
1046 1223 1180 1262 ultima
1213 1223 1342 1275 silvis,

206 1283 335 1322 Purus
367 1282 413 1321 ab
446 1282 652 1321 arboribus
684 1281 908 1334 spectabilis
938 1281 1112 1332 undique
1145 1294 1324 1333 campus.

119 1350 187 1382 710
207 1341 279 1381 Hic
311 1341 434 1380 oculis
466 1341 575 1381 illum
608 1347 836 1380 cernentem
868 1352 978 1379 sacra
1008 1341 1183 1391 profanis

208 1401 337 1439 Prima
368 1400 503 1453 videt,
533 1401 657 1451 prima
690 1406 750 1438 est
780 1401 916 1438 insano
949 1401 1101 1437 concita
1134 1411 1277 1451 cursu,

206 1459 336 1498 Prima
368 1471 484 1498 suum
515 1459 634 1497 misso
667 1458 820 1497 violavit
846 1457 1017 1496 Penthea
1049 1457 1183 1509 thyrso

207 1517 330 1556 Mater
350 1548 359 1556 .
398 1513 450 1556 ‘io
471 1548 482 1569 ‚
513 1513 705 1568 geminae'
737 1516 915 1555 clamavit
946 1513 1095 1553 ‘adeste
1127 1514 1308 1555 sorores!

208 1575 273 1615 Ille
308 1587 400 1627 aper
419 1607 430 1627 ‚
455 1576 495 1613 in
528 1576 672 1613 nostris
705 1581 811 1613 errat
842 1575 909 1625 qui
941 1575 1132 1612 maximus
1164 1575 1291 1626 agris,

121 1642 188 1674 715
213 1633 280 1673 llle
312 1634 407 1673 mihi
432 1633 634 1673 feriendus
666 1645 759 1684 aper
779 1629 803 1671 .'
842 1634 923 1671 ruit
954 1634 1080 1670 omnis
1111 1634 1150 1671 in
1183 1644 1304 1671 unum

208 1692 340 1732 Turba
353 1693 514 1740 furens3
534 1698 697 1731 cunctae
713 1694 879 1744 coeunt,
899 1691 1175 1742 trepidumque
1190 1698 1431 1744 sequuntur,

208 1751 288 1790 Iam
313 1750 511 1803 trepidum
530 1783 541 1803 ,
573 1752 647 1789 iam
679 1750 795 1789 verba
827 1751 956 1788 minus
986 1750 1151 1788 violenta
1184 1750 1430 1801 loquentemq

208 1810 287 1848 Iam
319 1822 361 1848 se
393 1809 639 1848 damnantem
659 1841 670 1862 ,
701 1811 775 1847 iam
808 1821 849 1847 se
881 1820 1063 1860 peccasse
1098 1809 1306 1848 fatentem.

211 1868 376 1908 Saucius
407 1868 471 1907 ille
505 1876 634 1906 tamen
667 1864 742 1906 ‘ser
768 1879 881 1918 opem
901 1899 911 1918 ,
943 1864 1168 1905 matertera'
1200 1868 1298 1906 dixit

123 1935 190 1967 720
211 1925 433 1966 Ἃιιῑοηοέἔ
465 1933 645 1965 moveant
676 1927 824 1965 animos
857 1926 1062 1963 Actaeonis
1095 1925 1256 1963 umbrae
1271 1922 1295 1964 .'

211 1985 276 2024 Ina
295 2017 306 2038 ‚
338 1987 426 2036 quis
457 1985 657 2037 Actaeon,
689 1986 843 2036 nescit,
876 1983 1131 2033 dextramque
1163 1985 1359 2034 precantis

210 2043 408 2083 Abstulit:
440 2043 533 2083 Inoo
566 2043 733 2082 lacerata
765 2048 826 2081 est
851 2042 970 2080 altera
1004 2049 1140 2092 raptu.

210 2102 297 2140 Non
328 2101 446 2141 habet
474 2101 608 2141 infelix
627 2134 638 2153 ,
671 2114 769 2153 quae
803 2102 915 2139 matri
947 2099 1128 2138 bracchia
1160 2100 1316 2153 tendat,

210 2160 365 2199 Trunca
398 2159 465 2199 sed
491 2160 703 2199 ostendens
735 2160 896 2199 deiectis
929 2158 1087 2196 vulnera
1122 2159 1331 2212 membris,

126 2226 191 2257 725
213 2216 368 2270 ‘Aspice
386 2250 398 2271 ,
429 2225 554 2257 mater
573 2215 598 2258 !'
633 2220 713 2257 ait.
753 2220 845 2257 visis
877 2217 1037 2255 ululavit
1068 2217 1218 2270 Agaue,

212 2277 396 2328 Collaque
427 2278 611 2329 iactavit,
642 2278 840 2327 movitque
872 2287 942 2326 per
975 2279 1061 2314 aera
1095 2278 1266 2328 crinem3

211 2335 476 2386 Avulsumque
509 2340 626 2386 caput
657 2336 787 2386 digitis
820 2333 1004 2383 conplexa
1038 2336 1214 2373 cruentis

164 2407 278 2434 ovm.
297 2408 347 2433 n.
402 2416 403 2419 =
1128 2404 1149 2432 5
