1554 2563
514 84 601 120 XIII
615 114 624 131 ,
650 89 811 121 92—161
827 114 835 122 .
991 98 1115 122 umxns
1269 85 1354 128 259

131 197 208 236 Ora
241 209 367 249 son03
398 209 526 248 neque
559 195 669 236 abest
700 196 877 235 facundis
909 198 1030 248 gratia
1063 196 1201 236 dictis.

132 253 190 295 ‘Si
221 268 307 295 mea
339 267 428 295 cum
460 256 602 294 vestris
633 254 847 294 valuissent
879 261 965 294 vota
984 288 994 307 ‚
1026 255 1202 308 Pelasgi,

131 314 216 353 Non
249 315 351 354 foret
382 314 587 366 ambiguus
619 315 717 353 tanti
749 315 972 353 certaminis
1005 314 1149 366 heres,

44 381 111 414 130
131 373 269 424 Tuque
302 375 380 412 tuis
413 375 530 412 armis
549 404 560 425 ,
592 384 663 412 nos
696 378 733 411 te
765 378 993 424 poteremur
1012 405 1024 425 ‚
1055 373 1223 412 Achille.

132 432 258 478 Quem
290 433 474 484 quoniam
506 443 584 470 non
617 443 739 483 aequa
770 431 865 470 mihi
896 431 1085 482 vobisque
1117 438 1310 483 negarunt

131 491 224 530 Fata
242 489 268 543 ,³
302 513 356 519 —
390 502 585 541 manuque
618 490 733 529 simul
765 490 885 529 veluti
915 490 1157 530 lacrimantia
1188 492 1302 530 tersit

131 549 298 589 Lumina
330 571 383 577 —
420 546 524 600 ‘quis
555 561 695 600 magno
727 549 867 588 melius
900 549 1088 589 succedat
1118 549 1280 602 Achilli,

131 608 256 654 Quam
288 620 359 660 per
391 619 508 659 quem
540 619 703 658 magnus
735 607 876 646 Danais
908 609 1100 647 successit
1130 606 1334 648 Achilles?

47 675 110 708 135
132 667 234 706 Huic
266 667 380 706 modo
414 679 463 705 ne
495 668 649 718 prosit,
682 666 785 717 quod
805 698 815 718 ,
848 668 905 704 uti
937 673 1025 720 est,
1056 666 1178 706 hebes
1210 679 1297 706 esse

1180 725 1357 779 videtur3

131 784 236 823 Neve
269 784 364 823 mihi
396 790 564 837 noceat,
597 783 701 835 quod
733 783 842 823 vobis
876 796 1062 837 semper,
1092 784 1252 837 Achivi,

130 843 285 882 Profuit
315 845 545 894 ingenium:
577 855 741 894 meaque
767 843 863 882 haec
890 842 1070 882 facundia
1088 875 1100 895 ‚
1131 844 1243 894 siqua
1276 850 1359 896 est,

133 901 240 948 Quae
273 914 378 941 nunc
409 914 480 953 pro
515 901 671 940 domino
690 933 701 954 ,
732 913 804 953 pro
837 901 946 940 vobis
978 914 1093 953 saepe
1119 901 1249 941 locuta
1275 909 1358 956 est,

133 960 279 1000 Invidia
313 967 471 1013 careat,
503 959 604 999 hona
637 972 710 999 nec
742 972 812 1000 sua
844 962 1010 1012 quisque
1042 966 1222 1000 recuset.

45 1027 112 1059 140
133 1019 230 1058 Nam
261 1031 385 1070 genus
418 1025 457 1058 et
487 1031 653 1070 proavos
685 1025 724 1058 et
756 1031 855 1070 quae
887 1031 966 1058 non
999 1019 1163 1058 fecimus
1195 1021 1293 1072 ipsi,

131 1078 202 1117 Vix
234 1090 278 1117 ea
311 1084 445 1116 nostra
476 1090 571 1117 voco
592 1108 600 1116 .
639 1077 707 1116 sed
741 1079 844 1116 enim
876 1079 967 1128 quia
998 1077 1151 1117 rettulit
1182 1078 1273 1116 Aiax

132 1136 229 1176 Esse
262 1136 362 1175 lovis
394 1148 591 1188 pronepos
610 1167 621 1188 ‚
653 1137 779 1175 nostri
812 1148 968 1187 quoque
994 1138 1195 1188 sanguinis
1222 1145 1358 1176 auctor

131 1195 308 1247 Iuppiter
340 1201 429 1248 est,
458 1194 701 1246 totidemque
733 1194 877 1246 gradus
910 1195 1099 1234 distamus
1132 1195 1179 1234 ab
1210 1195 1298 1234 ill0.

132 1253 230 1293 Nam
261 1253 357 1293 mihi
388 1252 549 1293 Laertes
581 1259 692 1305 pater
725 1259 813 1306 est,
844 1254 1029 1293 Arcesius
1062 1253 1140 1306 illi,

46 1320 112 1353 145
133 1312 308 1365 Iuppiter
340 1312 462 1365 huic3
493 1324 622 1363 neque.
653 1313 693 1351 in
724 1311 786 1351 his
819 1314 1025 1364 quisquam
1058 1313 1261 1351 damnatus

1176 1378 1215 1410 et
1246 1371 1358 1411 exul.

133 1429 205 1468 Est
236 1442 393 1481 quoque
424 1442 495 1481 per
527 1436 694 1469 matrem
727 1429 922 1481 Cyllenius
955 1429 1084 1468 addita
1109 1429 1223 1468 nobis

132 1488 263 1527 Altera
294 1488 504 1527 nobilitas,
544 1487 640 1527 deus
673 1494 733 1527 est
763 1489 804 1526 in
835 1494 1005 1539 utroque
1036 1493 1222 1539 parente.

135 1547 211 1586 Sed
243 1559 372 1598 neque
406 1552 582 1585 materno
615 1546 720 1598 quod
753 1558 840 1585 sum
872 1548 1101 1598 generosior
1133 1553 1247 1599 ortu,

133 1605 213 1645 Nec
245 1605 340 1644 mihi
372 1605 476 1656 quod
508 1611 620 1657 pater
651 1611 711 1644 est
742 1605 905 1644 fraterni
937 1606 1138 1656 sanguinis
1170 1607 1329 1658 insons,

48 1672 114 1705 150
134 1664 340 1716 Proposita
372 1676 477 1702 arma
508 1669 600 1716 peto
621 1695 629 1702 .
667 1665 818 1702 meritis
850 1663 1057 1715 expendite
1090 1676 1270 1716 causam;

134 1722 352 1762 Dummodo
387 1722 490 1774 quod
523 1723 664 1761 fratres
696 1721 883 1761 Telamon
914 1722 1134 1774 Peleusque
1168 1723 1330 1763 fuerunt

133 1783 260 1821 Aiacis
291 1783 476 1820 meritum
507 1793 586 1820 non
618 1782 697 1833 sit,
729 1793 802 1820 nec
834 1782 1034 1832 sanguinis
1066 1781 1186 1833 ordo,

135 1840 212 1879 Sed
243 1841 398 1879 virtutis
431 1840 557 1878 honor
589 1839 724 1891 spoliis
757 1846 968 1890 quaeratur
998 1841 1040 1878 in
1071 1841 1181 1879 istis.

133 1899 210 1938 Aut
241 1900 274 1938 si
305 1900 534 1950 proximitas
565 1900 794 1950 primusque
827 1899 1044 1949 requiritur
1076 1897 1218 1951 heres,

47 1965 113 1997 155
133 1957 203 1996 Est
235 1959 390 2009 genitor
421 1957 562 1996 Peleus
581 1988 592 2009 ,
624 1962 684 1995 est
713 1956 889 2008 Pyrrhus
920 1956 1023 1995 filius
1055 1956 1133 1995 illi.

134 2016 230 2062 Quis
262 2016 371 2054 locus
398 2016 503 2054 Aiaci
523 2013 544 2054 ⁶?
575 2015 756 2054 Phthiam
788 2015 883 2053 haec
911 2014 1124 2066 Scyrumve
1156 2015 1356 2057 ferantur.

133 2074 213 2113 Nec
246 2076 375 2113 minus
407 2080 467 2113 est
497 2076 571 2113 isto
603 2073 757 2113 Teucer
788 2073 976 2125 patruelis
1007 2072 1169 2112 Achilli.

134 2132 236 2172 Num
268 2134 367 2184 petit
398 2133 462 2171 ille
494 2139 624 2171 tamen
643 2164 654 2184 ,
685 2144 780 2171 num
811 2133 844 2171 si
875 2137 1012 2185 petat,
1043 2132 1195 2171 auferat
1224 2129 1324 2171 illa?

133 2191 236 2242 Ergo
269 2203 433 2243 operum
465 2192 649 2242 quoniam
681 2190 830 2229 nudum
862 2196 1061 2229 certamen
1092 2189 1282 2243 habetur,

49 2257 115 2290 160
135 2249 252 2288 Plura
286 2250 443 2300 quidem
476 2250 551 2288 feci
570 2281 580 2301 ‚
612 2261 727 2300 quam
761 2261 858 2300 quae
891 2248 1175 2301 comprendere
1207 2249 1323 2288 dictis

134 2307 177 2347 ln
209 2315 394 2360 promptu
425 2308 521 2347 mihi
553 2309 631 2347 sit.
669 2319 803 2347 rerum
835 2313 965 2347 tamen
998 2308 1134 2347 ordine
1167 2307 1310 2346 ducar.

1005 2373 1076 2408 1⁷*
