1554 2563
515 112 600 147 XIII
616 139 624 156 ,
650 115 837 148 234—306
852 139 860 147 .
1007 125 1130 149 umxss
1268 113 1355 156 263

130 222 354 262 Detractare
388 234 518 262 meum
552 229 639 262 est.
679 222 746 261 sed
779 235 827 262 ne
861 224 1081 262 communia
1114 223 1219 263 solus

130 281 329 334 Occupet,
355 288 470 332 atque
492 281 659 332 aliquem
680 281 788 320 vohis
810 293 965 333 quoque
986 282 1123 321 reddat
1142 282 1355 322 honorem.

130 339 315 392 Reppulit
346 340 550 379 Actorides
582 339 654 379 sub
687 341 853 391 imagine
886 346 993 380 tutus
1024 341 1183 380 Achillis

130 398 253 437 Troas
284 398 331 437 ab
364 400 512 438 arsuris
545 410 635 438 cum
667 399 873 438 defensore
907 400 1071 438 carinis.

43 464 111 497 275
131 458 280 496 Ausum
313 459 429 496 etiam
459 456 665 496 Hectoreis
697 457 823 497 solum
857 470 1094 497 concurrere
1126 458 1214 498 telis

132 515 181 555 Se
214 522 355 568 putat,
387 515 531 555 oblitus
563 518 745 567 regisque
779 516 1002 568 ducumque
1034 518 1214 570 meique,

130 574 265 613 Nonus
298 576 338 613 in
370 575 498 614 officio
517 606 528 627 ,
561 580 600 614 et
630 575 827 626 praelatus
859 587 1022 614 munere
1055 578 1195 615 sortis.

132 633 208 672 Sed
241 639 371 672 tamen
404 638 567 672 eventus
599 640 750 672 vestrae
770 665 781 686 ,
814 634 1024 673 fortissime
1043 666 1054 687 ,
1084 646 1237 686 pugnae

132 691 228 738 Quis
261 688 375 731 fuit?
407 697 467 731 est
498 691 644 731 Hector
676 692 840 732 violatus
872 692 1034 732 vulnere
1065 693 1195 732 nullo.

41 757 110 790 280
130 750 190 789 Me
222 752 410 790 miserum
429 782 440 803 ,
473 756 618 801 quanto
651 763 770 802 cogor
801 752 1024 790 meminisse
1058 751 1191 791 dolore

130 809 336 860 Temporis
367 808 472 848 illius
491 841 502 862 ,
536 821 611 860 quo
646 809 804 848 Graium
836 822 974 849 murus
994 842 1004 862 ,
1035 810 1203 850 Achilles

130 867 374 907 Procubuit!
407 879 479 907 nec
511 879 573 907 me
606 868 786 907 lacrimae
819 868 995 907 luctusve
1028 871 1191 908 timorve

131 926 381 979 Tardarunt,
415 928 508 977 quin
542 938 685 978 corpus
717 927 835 966 humo
868 927 1034 966 sublime
1066 929 1280 968 referrem.

131 985 201 1024 His
223 987 369 1024 umeris
387 1017 398 1038 ,
424 985 485 1024 his
504 1017 514 1037 ,
541 987 723 1038 inquam,
750 987 898 1025 umeris
919 998 989 1037 ego
1011 998 1154 1038 eorpus
1174 987 1358 1041 Achillis,

42 1050 110 1082 285
131 1043 180 1083 Et
213 1044 327 1083 simul
354 1056 458 1082 arma
486 1043 585 1083 tuli.
629 1057 727 1095 quae
754 1056 859 1083 nunc
886 1057 1042 1095 quoque
1069 1045 1173 1084 ferre
1199 1045 1354 1085 laboro.

135 1104 235 1142 Sunt
267 1102 390 1155 mihi,
423 1115 521 1153 quae
554 1102 704 1142 valeant
735 1105 774 1141 in
807 1102 895 1142 talia
926 1103 1129 1156 pondera,
1160 1105 1285 1144 vires.

131 1161 202 1201 Est
233 1163 385 1200 animus
418 1166 524 1200 certe
557 1168 708 1200 vestros
741 1173 931 1200 sensurus
963 1161 1156 1201 honores.

133 1219 292 1259 Scilicet
321 1220 468 1259 idcirco
500 1232 571 1271 pro
603 1226 719 1271 gnato
753 1220 907 1259 caerula
938 1227 1062 1259 mater

131 1278 345 1318 Ambitiosa
378 1290 448 1318 suo
482 1279 555 1317 fuit
573 1310 584 1331 ,
616 1285 659 1318 ut
692 1279 872 1318 caelestia
904 1279 1027 1332 dona,

43 1344 112 1377 290
131 1338 236 1376 Artis
269 1349 367 1389 opus
400 1343 559 1390 tantae,
592 1337 701 1376 rudis
734 1344 773 1376 et
804 1339 887 1376 sine
919 1344 1079 1389 pectore
1111 1338 1223 1378 miles

132 1395 318 1434 Indueret
337 1393 358 1434 P
390 1408 518 1446 neque
551 1397 655 1435 enim
688 1396 802 1447 clipei
835 1395 1046 1435 caelamina
1077 1399 1205 1450 norit,

133 1454 333 1493 Oceanum
367 1460 406 1492 et
436 1461 562 1493 terras
596 1466 763 1505 cumque
797 1453 873 1493 alto
906 1454 1033 1493 sidera
1067 1455 1173 1494 caelo
1192 1487 1203 1508 ,

132 1512 385 1563 Pleiadasque
405 1544 416 1564 ,
448 1512 678 1564 Hyadasque
697 1544 708 1565 ,
740 1514 1021 1564 inmunemque
1053 1516 1233 1565 aequoris

1188 1573 1359 1627 Arcton,

132 1630 390 1682 Diversasque
423 1629 571 1682 urbes,
604 1629 849 1681 nitidumque
882 1630 1039 1670 Orionis
1071 1643 1228 1671 ensem.

43 1697 112 1728 295
133 1689 340 1741 Postulat,
372 1695 416 1728 ut
448 1691 602 1741 capiat,
636 1701 733 1739 quae
766 1701 843 1727 non
876 1689 1096 1741 intellegit,
1129 1702 1255 1729 arma.

133 1748 236 1793 Quid
269 1747 372 1799 quod
405 1759 466 1786 me
500 1747 589 1786 duri
621 1747 836 1798 fugientem
868 1759 1031 1786 munera
1062 1747 1153 1787 belli

132 1807 271 1857 Arguit
302 1807 458 1857 incepto
491 1817 623 1845 serum
656 1807 869 1845 accessisse
896 1805 1043 1858 labori,

133 1864 213 1904 Nec
247 1877 288 1903 se
320 1866 566 1916 magnanimo
599 1864 832 1903 maledicere
866 1866 985 1903 sentit
1016 1863 1188 1904 Achilli?

135 1923 176 1962 Si
208 1922 411 1962 simulasse
443 1935 557 1962 vocas
590 1924 768 1975 crimen,
801 1922 1066 1962 simulavimus
1099 1923 1234 1963 ambo.

45 1989 114 2021 300
136 1982 176 2020 Si
209 1994 316 2021 mora
349 1994 419 2033 pro
453 1981 566 2033 culpa
599 1988 687 2034 est,
719 1993 790 2032 ego
824 1993 910 2020 su1n
943 1983 1133 2020 maturior
1163 1982 1251 2021 illo.

133 2041 192 2079 Me
225 2042 288 2091 pia
321 2040 488 2079 detinuit
520 2042 719 2092 coniunx,
750 2041 812 2091 pia
844 2045 968 2079 mater
1000 2039 1212 2093 Achillem3

133 2098 342 2150 Primaque
376 2104 468 2138 sunt
499 2098 574 2137 illis
607 2098 694 2137 data
726 2103 902 2149 tempora
921 2129 932 2149 ,
964 2104 1094 2137 cetera
1126 2098 1257 2139 vobis.

134 2156 245 2196 Haud
277 2158 395 2196 timeo
414 2189 426 2210 ,
458 2158 491 2196 si
522 2159 597 2196 iam
631 2168 784 2208 nequeo
817 2156 1028 2196 defendere
1048 2189 1059 2209 ,
1092 2158 1241 2197 crimen

135 2214 233 2254 Cum
264 2221 372 2255 tanto
405 2227 611 2255 commune
643 2216 755 2254 viro.
795 2214 1014 2266 deprensus
1046 2214 1169 2255 Ulixis

47 2280 114 2314 305
135 2273 295 2325 Ingenio
328 2280 459 2313 tamen
491 2274 585 2313 ille:
618 2279 655 2312 at
688 2285 766 2312 non
798 2274 926 2313 Aiacis
958 2273 1111 2313 Ulixes.

134 2331 238 2371 Neve
270 2333 311 2371 in
343 2344 404 2371 me
437 2332 598 2372 stolidae
632 2333 803 2372 convicia
837 2331 1001 2371 fundere
1033 2332 1187 2385 linguae
