1554 2563
77 89 134 130 34
300 101 465 125 cums‘ro
628 87 843 123 METAMM
856 115 865 123 .

194 199 275 239 Nec
307 198 507 238 moderata
538 199 632 238 satis
663 210 737 238 nec
768 199 824 238 sic
855 211 877 238 a
908 199 1057 250 virgine
1083 199 1229 239 danda.

196 258 281 304 Qua
311 262 449 296 venata
481 257 585 297 foret
614 256 708 296 silva
726 289 737 310 ,
763 268 924 297 narrare
954 263 1157 309 parantem

194 314 361 368 Impedit
392 315 601 367 amplexu:
632 327 705 355 nec
737 327 779 354 se
811 317 895 356 sine
927 317 1091 355 crimine
1122 315 1275 368 prodit.

195 375 264 414 Illa
297 374 455 426 quidem
486 380 622 414 contra
640 406 652 427 ,
684 380 874 425 quantum
903 375 1019 414 modo
1045 375 1200 414 feminas
1219 376 1344 426 possit
1363 396 1416 403 --

107 441 175 473 435
196 434 403 485 Aspiceres
435 434 614 486 utinam,
646 432 857 486 Saturnia,
889 435 1020 473 mitior
1052 432 1183 473 esses!
1204 455 1259 461 —

196 491 263 531 Illa
294 492 453 543 quidem
484 496 660 543 pugnat:
692 491 761 531 sed
793 503 891 543 quae
924 504 1111 544 superare
1142 491 1290 545 puella,

198 550 343 596 Quisve
374 550 504 590 Iovem
534 556 689 602 poterat
719 562 908 602 superum
927 548 949 590 ?
978 552 1078 602 petit
1108 551 1265 590 aethera
1296 551 1419 590 victor

198 609 375 661 Iuppiter
395 641 404 649 .
441 609 534 648 huic
566 609 655 648 odio
687 620 826 648 nemus
858 615 920 648 est
950 616 990 648 et
1022 611 1178 649 conscia
1209 609 1326 661 silva3

198 667 308 707 Unde
340 667 481 720 pedem
512 668 691 707 referens
723 680 847 720 paene
879 673 940 707 est
971 667 1088 707 oblita
1119 668 1345 720 pharetram

109 735 177 766 440
198 726 354 766 Tollere
386 737 477 766 cum
507 726 596 766 telis
629 732 668 766 et
699 739 818 778 quem
848 727 1109 778 suspenderat
1125 758 1137 780 ‚
1168 738 1326 766 arcum.

197 785 299 825 Ecce
331 797 402 824 suo
435 786 615 824 comitata
648 784 767 824 choro
794 784 984 836 Dictynna
1014 798 1086 837 per
1117 785 1237 824 altum

196 843 399 883 Maenalon
429 843 655 896 ingrediens
687 850 727 883 et
758 843 875 883 caede
901 843 1071 896 superba
1102 844 1273 884 ferarum

196 903 345 954 Aspicit
375 902 476 942 hanc
505 903 706 953 visamque
737 909 849 942 vocat
873 934 882 943 .
927 902 1089 942 clamata
1120 903 1267 954 refugit

196 960 246 1000 Et
277 962 407 1000 timuit
437 962 564 1012 primo
583 993 595 1014 ,
627 973 676 1000 ne
708 960 883 1013 Iuppiter
915 967 1021 1000 esset
1050 962 1092 1000 in
1122 961 1210 1001 illa.

108 1027 176 1059 445
198 1019 275 1059 Sed
305 1025 513 1072 postquam
544 1021 692 1071 pariter
722 1019 911 1072 nymphas
942 1020 1127 1059 incedere
1157 1019 1277 1073 vidit,

199 1078 331 1118 Sensit
362 1077 499 1117 abesse
531 1078 640 1118 dolos
659 1110 670 1131 ,
701 1090 989 1129 numerumque
1008 1080 1175 1118 accessit
1193 1078 1240 1118 ad
1259 1078 1421 1119 harum.

198 1136 284 1176 Heu
317 1148 434 1188 quam
466 1136 622 1176 difficile
655 1142 716 1176 est
747 1138 896 1176 crimen
928 1149 1007 1176 non
1037 1137 1208 1189 prodere
1239 1137 1372 1178 vultu!

197 1195 268 1235 Vix
300 1195 435 1235 oculos
467 1195 609 1235 attollit
639 1195 758 1234 humo
777 1227 789 1248 ‚
821 1208 894 1235 nec
912 1228 923 1249 ‚
954 1202 1000 1235 ut
1030 1201 1120 1235 ante
1152 1195 1324 1250 solebat,

197 1255 334 1294 Iuncta
365 1253 460 1293 deae
491 1254 604 1293 lateri
635 1266 708 1293 nec
740 1259 822 1293 toto
856 1261 915 1293 est
941 1256 1093 1306 agmine
1124 1256 1274 1307 prima3

110 1321 177 1352 450
200 1312 276 1352 Sed
309 1312 399 1352 silet
429 1318 469 1352 et
499 1312 594 1352 laesi
625 1312 690 1352 dat
722 1314 830 1364 signa
862 1312 1008 1352 rubore
1040 1313 1228 1364 pudoris.

196 1371 274 1424 Et,
305 1372 382 1411 nisi
413 1370 517 1423 quod
549 1372 657 1422 virgo
691 1377 779 1425 est,
809 1377 965 1423 poterat
995 1372 1142 1411 sentire
1174 1371 1293 1411 Diana

197 1429 299 1470 Mille
331 1431 435 1469 notis
468 1430 651 1481 culpam.
690 1430 882 1481 nymphae
915 1432 1085 1469 sensisse
1117 1431 1323 1470 feruntur.

199 1488 304 1528 Orbe
336 1488 596 1540 resurgebant
626 1487 777 1527 lunaria
809 1500 955 1528 cornua
986 1501 1115 1541 nono,

197 1547 296 1587 Cum
327 1548 399 1587 dea
429 1553 601 1599 venatu,
633 1547 818 1586 fraternis
850 1547 1031 1599 languida
1063 1547 1250 1598 flammis,

110 1614 177 1645 455
197 1606 319 1645 Nacta
350 1617 490 1645 nemus
522 1605 692 1657 gelidum
711 1637 722 1658 ,
754 1606 801 1644 de
834 1618 911 1657 quo
943 1618 1034 1645 cum
1053 1618 1256 1646 murmure
1288 1605 1419 1646 labens

198 1664 283 1704 Ibat
313 1671 353 1703 et
384 1665 536 1703 attritas
567 1663 747 1703 versabat
777 1665 883 1703 rivus
915 1664 1104 1717 harenas,

200 1722 252 1763 Ut
282 1722 367 1762 loca
398 1722 596 1775 laudavit,
629 1734 800 1762 summas
830 1723 929 1774 pede
962 1725 1126 1774 contigit
1156 1724 1303 1763 undas:

198 1781 267 1821 His
299 1793 456 1832 quoque
487 1781 652 1820 laudatis
685 1778 837 1832 ‘procul
878 1778 953 1820 est'
993 1783 1049 1821 ait
1080 1778 1241 1821 ‘arbiter
1272 1783 1421 1836 omnis;

198 1839 310 1879 Nuda
341 1840 561 1891 superfusis
592 1841 814 1891 tinguamus
846 1851 1011 1891 corpora
1041 1839 1208 1892 lymphis
1222 1837 1247 1879 .'

111 1907 179 1939 460
199 1897 404 1938 Parrhasis
436 1897 596 1937 erubuit
615 1929 624 1938 .
662 1904 825 1937 cunctae
858 1897 1046 1937 velamina
1076 1905 1251 1950 ponunt:

198 1956 282 1997 Una
313 1968 442 1996 moras
475 1957 655 2008 quaerit.
699 1955 891 1996 dubitanti
922 1958 1041 1995 vestis
1074 1957 1252 2008 adempta
1283 1964 1364 2006 est,

198 2015 283 2062 Qua
313 2016 440 2067 posita
471 2015 578 2054 nudo
607 2015 734 2066 patuit
763 2026 854 2054 cum
886 2026 1051 2066 corpore
1083 2016 1255 2054 crimen.

198 2075 395 2114 Attonitae
427 2073 686 2124 manibusque
718 2079 876 2112 uterum
907 2073 1034 2112 celare
1066 2073 1210 2113 volenti

201 2130 233 2171 ‘1
263 2132 403 2184 procul
433 2131 526 2172 hine
544 2129 571 2184 ‚³
597 2132 695 2171 dixit
726 2129 814 2171 ‘nec
845 2143 977 2170 sacros
1009 2132 1138 2184 pollue
1170 2130 1313 2172 fontes’

112 2199 178 2230 465
200 2190 364 2243 Cynthia
382 2221 393 2243 ‚
425 2190 553 2242 deque
581 2202 651 2230 suo
682 2191 799 2229 iussit
829 2189 1015 2230 secedere
1047 2197 1186 2230 coetu.

258 2248 444 2288 Senserat
475 2248 550 2288 hoc
580 2248 673 2288 olim
704 2250 834 2300 magni
865 2254 1041 2288 matrona
1073 2249 1285 2300 Tonantis,

198 2306 489 2358 Distuleratque
521 2319 657 2359 graves
688 2309 728 2346 in
760 2307 898 2346 idonea
930 2312 1106 2360 tempora
1124 2319 1291 2360 poenas.
