1554 2563
121 92 202 128 vul

118 203 326 241 venientia.
473 199 562 240 664
599 202 744 239 TALIA
776 210 1066 240 MAERENTES.
1114 204 1298 240 maerenti
1335 202 1451 240 multi

116 261 226 311 libri,
262 261 367 298 inter
400 272 496 309 quos
528 260 578 309 L,
616 261 683 310 qui
713 272 802 298 cum
833 261 942 298 MBE
974 261 1289 299 accusativorum
1319 261 1450 309 plura-

116 331 213 368 lium
243 331 284 368 in
314 333 348 370 is
384 333 445 368 tot
476 330 655 379 exempla
686 331 750 368 vel
780 331 954 380 vestigia
984 331 1176 381 servavit,
1215 333 1261 369 ut
1291 331 1451 369 restitui

116 401 300 450 deinceps
332 400 486 450 pridem
517 400 730 448 potuerint.
776 412 796 439 s
825 401 889 438 hic
920 401 1087 439 abstulit
1117 401 1339 450 proximum
1369 402 1450 440 sub.

115 461 328 498 submovcri
360 459 604 497 sollemniter
634 459 778 497 dicitur
809 470 898 497 cum
928 459 1044 498 lictor
1075 460 1186 497 iussu
1217 462 1258 497 et
1282 460 1450 497 auctori-

115 520 198 556 tate
229 518 491 567 magistratus
523 517 819 555 multitudinem
849 518 984 555 itineri
1015 518 1241 556 obstantem
1270 517 1449 567 dissipat.

116 589 215 626 quae
253 576 345 625 quia
381 577 423 613 in
460 578 594 624 partes
631 576 810 614 diversas
847 576 1034 614 decedere
1076 577 1194 624 solet,
1235 577 1451 614 submovere

115 637 177 674 est
218 635 418 673 interdum
455 635 630 672 dividere.
688 633 940 673 Germaniam
984 636 1031 673 ab
1069 635 1191 673 Italia
1233 636 1452 673 submovent

113 693 234 742 Alpes
263 693 368 741 apud
393 693 577 731 Plinium.
628 693 696 731 sed
728 693 840 731 adest
871 693 934 730 1110
965 693 1096 742 turba,
1127 695 1242 742 pater
1274 695 1314 731 et
1345 705 1450 732 soro-

115 765 190 802 res,
222 766 258 790 v.
286 753 382 801 643,
414 763 511 801 quas
543 751 755 790 recessisse
787 752 874 800 quis
905 751 1134 801 putaverit?
1182 752 1258 789 iter
1289 752 1450 801 impedi-

114 815 180 849 tur
212 824 235 849 a
266 810 661 849 circumsistentibus.
710 810 777 859 qui
809 810 1045 848 auctoritate
1077 811 1180 860 agit,
1212 811 1451 849 animadver-

115 871 174 911 tit,
212 870 289 908 iter
326 869 472 918 aperit,
514 870 575 906 est
605 868 752 917 Argus.
900 868 986 906 Hae
1024 870 1116 907 sunt
1152 881 1262 906 meae
1300 869 1341 906 in
1377 869 1452 907 1100

114 929 215 966 libro
247 927 554 966 emendationes.
603 927 772 965 aliorum
809 939 933 976 aeque
971 926 1105 965 faciles
1137 927 1268 976 recepi
1298 927 1452 966 Heinsii

115 988 200 1025 560
235 988 330 1035 677,
362 986 580 1023 Burmanni
611 986 707 1033 435,
740 985 832 1023 Luc.
863 985 1046 1023 Muelleri
1079 987 1180 1033 601,
1211 986 1449 1025 incertorum

114 1048 320 1083 auctorum
354 1045 436 1083 313
472 1045 574 1092 5803
611 1044 672 1082 uti
700 1055 788 1093 nec,
827 1044 914 1093 quis
951 1044 1103 1092 primus
1137 1045 1219 1082 343
1254 1045 1337 1082 344
1379 1045 1452 1082 hoc

115 1104 250 1142 ordine
288 1102 457 1153 dederit,
494 1103 603 1141 novi:
643 1102 774 1151 ipsum
805 1114 867 1140 me
898 1102 1038 1141 fecisse
1070 1102 1164 1140 olim
1194 1115 1273 1140 non
1303 1104 1451 1141 notavi.

115 1163 331 1212 scripturas
363 1162 536 1211 reliquas
567 1161 745 1199 tenacius
782 1161 902 1209 paulo
934 1162 974 1198 et
1010 1161 1165 1209 plenius
1203 1173 1322 1210 quam
1357 1162 1452 1199 olim

114 1221 258 1259 codicis
289 1221 330 1257 M
361 1220 527 1268 reddidi,
559 1220 622 1257 0111
653 1219 866 1257 accedebat
895 1219 937 1256 in
967 1219 1041 1257 hoc
1072 1223 1112 1257 et
1142 1219 1322 1268 proximo
1347 1220 1450 1258 libro

114 1279 314 1318 interdum
345 1278 466 1316 codex
495 1278 709 1316 Bernensis
742 1279 825 1316 363
859 1289 958 1316 saec.
991 1286 1057 1326 lx,
1097 1278 1190 1316 olim
1220 1279 1452 1317 monasterii

115 1337 375 1376 Floriacensis
407 1337 459 1374 ad
489 1336 684 1386 Ligerim,
723 1337 790 1386 qui
821 1335 1003 1375 Servium
1033 1336 1076 1373 P.
1108 1336 1304 1386 Danielis,
1341 1338 1452 1386 puto,

115 1396 301 1445 servavit,
333 1395 444 1433 cuius
471 1395 629 1433 collatio
661 1394 905 1444 pei-diligens
939 1394 988 1432 H.
1013 1394 1133 1432 Keilii
1165 1395 1270 1443 apud
1301 1407 1364 1433 me
1394 1395 1451 1433 in-

114 1457 234 1493 venta
259 1456 331 1492 est.
380 1454 447 1503 qui
478 1453 548 1491 ubi
579 1456 716 1502 aperte
735 1452 854 1491 fidem
880 1453 1084 1503 fallebant,
1116 1453 1298 1491 descendi
1323 1454 1451 1503 proxi-

114 1526 175 1551 me
207 1513 258 1551 ad
290 1513 338 1562 L,
377 1512 697 1561 antiquissimum
728 1524 774 1550 ex
804 1511 1068 1560 interpolatis.
1116 1511 1150 1550 is
1184 1512 1267 1550 sine
1299 1512 1451 1550 fraudis

116 1571 336 1620 suspicione
367 1583 506 1609 versus
539 1570 691 1619 aliquot
726 1570 768 1608 in
798 1570 838 1607 M
870 1570 1036 1608 omissos
1075 1571 1116 1608 et
1147 1570 1364 1619 scripturas
1395 1571 1450 1610 vi-

113 1630 216 1679 ginti
248 1629 534 1678 suppeditavit,
573 1641 741 1678 quarum
779 1629 863 1666 loco
902 1628 1146 1677 glossemata
1175 1629 1216 1665 M
1248 1630 1331 1668 307
1367 1631 1448 1668 622

116 1690 211 1738 710,
243 1700 405 1726 rasuras
434 1688 514 1725 152
552 1689 635 1725 720
667 1687 850 1724 habebat.
910 1687 1149 1724 Erfurtanus
1183 1687 1359 1725 eiusdem
1383 1700 1451 1726 no-

114 1751 191 1796 tae,
224 1746 379 1785 saeculo
406 1758 483 1784 uno
509 1746 716 1795 recentior,
748 1745 950 1783 adhibitus
976 1748 1038 1783 est
1062 1747 1159 1783 484.
1208 1746 1450 1795 reliquorum

113 1806 305 1843 librorum
342 1817 506 1854 prorsus
547 1804 838 1853 incognitorum
881 1816 995 1852 opem
1036 1804 1257 1852 precariam
1294 1804 1449 1854 defugi:

114 1875 214 1913 quae
241 1865 292 1901 72
318 1864 401 1900 340
424 1864 505 1901 637
533 1863 675 1912 recepi,
695 1863 735 1899 in
759 1863 845 1911 ipso
870 1862 1008 1911 limite,
1034 1874 1151 1911 quem
1175 1862 1273 1900 mihi
1298 1863 1450 1912 scripsi,

114 1922 246 1971 posita
271 1928 374 1960 sunt.
426 1921 494 1959 sed
519 1923 653 1959 tamen
679 1921 728 1958 ad
754 1922 889 1969 partes
909 1920 1047 1958 vocavi
1073 1920 1170 1958 locis
1190 1920 1450 1971 undeviginti,

113 1981 274 2030 quibus,
316 1982 477 2029 praeter
508 1980 611 2028 552,
654 1979 770 2017 unius
807 1978 1010 2016 litterulae
1048 1978 1273 2017 discrimine
1309 1980 1449 2028 proba-

113 2039 210 2076 bilia
241 2038 459 2087 habebant3
495 2040 704 2087 praeterea
735 2036 928 2075 dederunt
961 2037 1046 2074 660
1087 2037 1189 2085 quod
1222 2049 1380 2076 erasum
1410 2039 1449 2075 in

116 2097 165 2146 M,
199 2098 280 2134 678
314 2097 425 2135 euius
451 2096 666 2145 vestigium
699 2096 874 2134 servavit
905 2095 945 2132 in
970 2106 1082 2138 nova,
1116 2096 1197 2133 747
1221 2095 1267 2134 de
1289 2108 1364 2145 quo
1385 2096 1449 2134 ad-

115 2155 248 2193 notavi
281 2154 330 2192 ad
362 2163 428 2192 VII
452 2156 546 2192 162.

232 2244 337 2285 LIB.
368 2244 411 2285 II
455 2261 490 2286 v.
523 2245 609 2285 244
648 2256 742 2286 CUM
775 2255 1011 2285 PHEGIAco
1044 2255 1344 2286 ERYMANTHO.
1394 2248 1451 2286 ita

116 2306 205 2344 dedi
236 2307 276 2344 in
308 2305 514 2355 proecdosi
551 2307 642 2344 anni
674 2313 874 2344 MDCCCL.
929 2306 1098 2355 Psophis
1131 2309 1264 2344 vetere
1294 2306 1451 2343 nomine
