1554 2563
117 95 170 136 10
325 107 520 130 nnucamofl
670 92 886 128 METAMM
896 118 906 128 .

231 204 281 244 Et
312 216 521 256 superesse
553 203 658 243 videt
689 203 736 242 de
768 209 826 242 tot
857 202 971 242 modo
1003 202 1160 242 milibus
1191 214 1332 254 unam,

231 263 427 302 Innocuos
462 262 626 316 ambos,
659 262 831 301 cultores
862 263 1034 300 numinis
1067 261 1226 314 ambos,

232 321 371 361 Nubila
405 321 590 374 disiecit,
621 320 843 372 nimbisque
875 320 1056 371 aquilone
1088 321 1249 359 remotis

233 380 282 419 Et
315 380 421 419 caelo
454 386 581 433 terras
612 379 785 419 ostendit
815 384 855 417 et
885 378 1043 418 aethera
1075 380 1214 417 terris.

146 448 212 479 330
233 439 313 478 Nec
345 440 463 478 maris
495 440 553 477 ira
584 444 744 491 manet,
775 439 981 489 positoque
1013 436 1228 489 tricuspide
1261 435 1339 475 telo

233 497 379 536 Mulcet
410 510 529 549 aquas
562 502 693 536 rector
724 496 879 549 pelagi,
911 508 1108 547 supraque
1139 495 1379 548 profundum

233 556 442 595 Extantem
474 562 591 607 atque
623 568 781 595 umeros
813 557 946 593 innato
978 556 1129 593 murice
1160 559 1310 594 tectum

233 615 467 654 Caeruleum
498 614 662 654 Tritona
693 620 835 666 vocat,
866 613 1117 664 conchaeque
1150 613 1305 652 sonanti

232 674 429 725 inspirare
459 673 599 726 iubet,
630 673 852 723 fluctusque
886 678 925 711 et
954 671 1115 711 flumina
1146 673 1256 722 signo

145 741 212 772 335
236 733 317 771 Iam
347 744 532 771 revocare
565 732 683 771 dato.
722 743 813 770 cava
843 730 984 769 bucina
1018 731 1187 770 sumitur
1218 729 1273 769 illi

233 790 395 830 Tortilis
414 822 425 843 ‚
456 792 496 830 in
528 790 649 830 latum
682 802 780 841 quae
812 789 970 828 turbine
1003 790 1146 828 crescit
1177 788 1223 827 ab
1256 790 1357 840 imo,

231 849 381 888 Bucina
398 881 409 902 ‚
441 861 540 900 quae
572 848 700 888 medio
733 851 914 900 concepit
943 847 1011 887 ubi
1042 851 1132 886 aera
1161 853 1306 899 ponto,

232 907 365 947 Litora
395 920 489 947 voce
521 908 648 960 replet
679 907 751 946 sub
784 913 952 958 utroque
983 907 1149 946 iacentia
1180 905 1361 946 Phoebo.

233 967 346 1006 Tunc
378 979 535 1018 quoque
554 997 565 1019 ‚
596 972 641 1006 ut
671 978 740 1005 ora
771 966 834 1005 dei
866 965 1017 1005 madida
1047 966 1220 1004 rorantia
1251 963 1370 1003 barba

145 1034 214 1065 340
236 1025 436 1078 Contigit,
469 1030 508 1064 et
539 1026 682 1064 cecinit
712 1026 840 1064 iussos
873 1024 1004 1064 inflata
1034 1029 1243 1076 receptus,

234 1084 426 1123 Omnibus
458 1083 589 1124 audita
620 1089 680 1123 est
710 1083 862 1123 telluris
895 1089 934 1122 et
965 1084 1146 1133 aequoris
1178 1081 1318 1135 undis,

233 1143 283 1182 Et
315 1143 457 1194 quibus
490 1149 550 1182 est
580 1142 698 1182 undis
730 1141 888 1194 audita,
921 1142 1098 1180 coercuit
1128 1152 1287 1185 omnes.

238 1201 415 1240 Flumina
448 1200 687 1252 subsidunt,
720 1201 917 1251 collesque
950 1202 1057 1239 exire
1089 1199 1295 1239 videntur:

233 1260 313 1299 Iam
345 1272 452 1299 mare
483 1260 576 1299 litus
607 1259 724 1298 habet
742 1291 753 1311 ,
784 1259 921 1311 plenos
953 1260 1056 1310 capit
1087 1258 1218 1297 alveus
1250 1264 1407 1310 amnes,

146 1327 214 1358 345
236 1319 372 1369 Surgit
402 1318 575 1371 humus3
617 1324 802 1357 crescunt
838 1318 923 1357 loca
960 1315 1282 1356 decrescentibus
1319 1315 1457 1355 undis.

234 1377 408 1427 Postque
441 1377 545 1416 diem
576 1377 730 1427 longam
762 1376 906 1415 nudata
938 1377 1139 1415 cacumina
1171 1375 1289 1414 silvae

235 1435 459 1477 Ostendunt
477 1467 488 1488 ,
519 1435 734 1486 limumque
767 1440 904 1474 tenent
934 1436 975 1473 in
1007 1434 1145 1473 fronde
1177 1433 1382 1472 relictum.

234 1494 426 1533 Redditus
457 1493 564 1532 orbis
596 1500 708 1532 erat.
748 1505 866 1544 quem
896 1498 1105 1544 postquam
1136 1492 1232 1531 vidit
1263 1493 1418 1531 inanem

233 1552 284 1592 Et
314 1552 508 1592 desolatas
541 1565 656 1603 agere
688 1552 763 1591 alta
795 1552 950 1591 silentia
981 1557 1132 1604 terras,

146 1620 214 1651 350
234 1611 448 1650 Deucalion
480 1611 651 1651 lacrimis
682 1612 736 1650 ita
766 1610 957 1662 Pyrrham
989 1611 1129 1649 affatur
1160 1609 1336 1650 obortis:

235 1667 282 1709 ‘O
316 1682 459 1722 soror,
490 1682 513 1708 o
547 1671 747 1721 coniunx,
778 1681 801 1708 ο
833 1669 976 1709 femina
1009 1668 1090 1707 sola
1121 1674 1348 1721 superstes,

235 1728 361 1774 Quam
392 1740 598 1767 commune
631 1728 726 1767 mihi
758 1740 882 1779 genus
914 1734 954 1767 et
982 1727 1172 1779 patruelis
1203 1728 1337 1779 origo,

234 1786 383 1826 Deinde
416 1792 527 1826 torus
559 1788 715 1839 iunxit,
746 1798 851 1825 nunc
881 1787 965 1837 ipsa
997 1785 1172 1837 pericula
1202 1787 1395 1836 iungunt:

235 1845 479 1897 Terrarum,
512 1857 781 1896 quascumque
814 1845 946 1883 vident
978 1856 1141 1883 occasus
1173 1850 1213 1883 et
1243 1849 1379 1897 ortus,

146 1913 214 1945 355
235 1904 315 1942 Nos
347 1904 423 1943 duo
456 1904 572 1943 turba
603 1916 769 1943 sumus:
799 1902 975 1954 possedit
1006 1909 1138 1942 cetera
1168 1907 1337 1954 pontus,

234 1962 339 2001 Haec
371 1975 529 2014 quoque
562 1962 688 2002 adhuc
720 1964 819 2001 vitae
852 1974 930 2000 non
963 1968 1023 2000 est
1054 1961 1194 2000 fiducia
1227 1966 1384 2000 nostrae

235 2021 350 2060 Certa
381 2023 504 2060 satis.
542 2026 695 2060 terrent
725 2022 949 2060 etiamnunc
981 2019 1111 2059 nubila
1143 2024 1336 2058 mentem.

235 2079 332 2125 Quis
363 2079 435 2118 tibi
453 2112 465 2132 ‚
497 2081 530 2119 si
561 2082 646 2119 sine
678 2091 739 2118 me
772 2080 860 2118 satis
892 2084 1026 2130 erepta
1059 2079 1225 2130 fuisses,

233 2137 347 2177 Nunc
379 2140 531 2177 animus
550 2170 562 2191 ‚
593 2137 814 2177 miseranda
832 2169 844 2190 ‚
875 2137 977 2176 foret
995 2135 1017 2175 ⁴?
1049 2149 1125 2187 quo
1167 2136 1248 2176 sola
1279 2133 1460 2176 timorem

146 2205 215 2238 360
234 2196 354 2235 Ferre
387 2196 502 2235 modo
535 2209 672 2248 posses
691 2193 713 2235 P
744 2207 821 2247 quo
854 2195 1080 2234 consolante
1113 2193 1302 2234 doleres?

233 2254 409 2305 Namque
431 2268 502 2305 ego
521 2287 532 2308 ‚
553 2255 669 2294 crede
690 2255 785 2293 mihi
803 2286 814 2306 ,
834 2255 867 2293 si
886 2259 925 2293 te
941 2266 1098 2305 quoque
1118 2259 1262 2305 pontus
1276 2252 1461 2306 haberet,

234 2312 290 2353 Te
310 2326 499 2365 sequerer
517 2345 529 2366 ‚
556 2316 726 2353 coniunx
745 2344 757 2366 ‚
782 2319 821 2352 et
846 2324 907 2351 me
929 2324 1085 2364 quoque
1111 2319 1256 2364 pontus
1276 2311 1461 2351 haberet.
