1554 2563
617 115 652 151 Π
669 141 679 161 ,
705 118 889 151 579—652
902 142 911 151 .
1055 127 1235 150 ocxmmoz
1378 113 1433 154 39

214 224 306 265 Odit
337 237 505 278 cumque
537 237 655 265 manu
687 227 895 265 temeraria
926 225 1003 265 tela
1020 256 1032 278 ‚
1063 225 1245 277 sagittas:

214 283 509 336 Collapsamque
541 285 646 323 fovet
677 295 842 335 seraque
875 296 949 336 ope
974 285 1132 323 vincere
1164 283 1241 323 fata

216 342 363 382 Nititur
395 349 435 382 et
465 343 635 382 medicas
668 348 827 381 exercet
856 343 1026 381 inaniter
1056 347 1184 381 artes.

212 401 319 447 Quae
350 407 557 453 postquam
588 401 735 441 frustra
766 406 951 453 temptata
969 433 981 453 ‚
1013 412 1231 452 rogumque
1263 399 1394 452 parari

124 467 192 500 620
214 459 346 499 Sensit
375 466 414 499 et
439 472 598 499 arsuros
630 461 825 512 supremis
856 459 1012 511 ignibus
1044 466 1176 511 artus,

213 518 332 568 [Tum
363 530 455 557 vero
487 520 656 570 gemitus
675 551 686 570 ,
717 531 846 570 neque
878 520 983 557 enim
1009 518 1190 557 caelestia
1221 519 1347 568 tingui

212 576 289 616 Ora
319 577 411 616 licet
441 577 611 616 lacrimis
630 610 640 629 ,
672 577 748 616 alto
781 577 828 616 de
861 577 978 616 corde
1011 577 1156 628 petitos

210 634 373 675 Edidit:
403 635 507 675 haud
539 636 650 675 aliter
669 668 679 687 ,
712 647 828 687 quam
861 648 950 675 cum
982 640 1185 687 spectante
1216 636 1381 674 iuvenca

211 692 407 733 Lactentis
438 694 549 733 vituli
580 695 716 734 dextra
747 694 910 734 libratus
942 694 989 733 ab
1021 705 1116 733 aure

128 759 195 792 525
215 752 408 804 Tempora
441 754 627 792 discussit
658 753 762 792 claro
795 765 885 792 cava
917 752 1079 792 malleus
1110 753 1214 791 ictu.

210 810 261 851 Ut
291 817 422 851 tamen
453 814 626 863 ingratos
658 813 698 851 in
729 817 889 863 pectora
922 811 1022 850 fudit
1052 810 1193 850 odores

210 869 260 909 Et
290 870 397 909 dedit
428 870 629 922 amplexus
660 872 882 921 iniustaque
916 872 1017 909 iusta
1048 870 1202 921 peregit
1214 868 1244 921 ‚]

209 927 296 967 Non
328 928 418 967 tulit
447 931 488 968 in
521 930 674 968 cineres
705 928 782 968 labi
813 941 882 968 sua
913 927 1097 967 Phoebus
1128 927 1287 967 eosdem

212 986 368 1026 Semina
387 1019 398 1040 ,
431 988 499 1026 sed
532 993 666 1027 natum
697 987 862 1027 flammis
894 993 1087 1038 uteroque
1118 987 1292 1038 parentis

123 1053 191 1085 630
210 1045 366 1097 Eripuit
397 1047 620 1097 geminique
653 1046 743 1086 tulit
775 1045 955 1085 Chironis
986 1047 1028 1084 in
1059 1050 1238 1084 antrum.

211 1104 522 1156 sperantemque
555 1104 629 1144 sibi
661 1117 739 1144 non
771 1104 888 1143 falsae
919 1105 1092 1156 praemia
1121 1103 1277 1154 linguae

209 1162 317 1202 Inter
349 1175 437 1202 aves
468 1163 574 1202 albas
605 1165 729 1202 vetuit
760 1164 977 1202 consistere
1009 1174 1193 1201 corvum.

270 1221 437 1260 Semifer
469 1224 620 1261 interea
651 1222 802 1261 divinae
835 1223 970 1273 stirpis
1001 1221 1157 1260 alumno
1328 1229 1434 1255 nm.

209 1279 352 1319 Laetus
385 1286 469 1320 erat
499 1282 698 1332 mixtoque
731 1282 842 1320 oneri
873 1279 1067 1331 gaudebat
1096 1279 1270 1318 honore.

122 1346 190 1379 535
210 1338 313 1378 Ecce
346 1340 452 1378 venit
483 1339 612 1378 rutilis
645 1351 803 1378 umeros
834 1344 1012 1390 protecta
1044 1337 1193 1390 capillis

210 1397 306 1436 Filia
339 1397 553 1449 Centauri,
586 1409 703 1449 quam
734 1398 931 1450 quondam
961 1396 1130 1449 nympha
1163 1394 1340 1435 Chariclo

211 1456 400 1495 Fluminis
431 1458 472 1495 in
504 1457 630 1508 rapidi
660 1458 757 1508 ripis
790 1458 902 1495 enixa
932 1457 1083 1494 vocavit

212 1514 419 1566 Ocyrhoen
439 1545 448 1554 .
486 1527 565 1554 non
590 1515 687 1554 haec
718 1520 822 1554 artes
855 1519 1039 1553 contenta
1069 1519 1253 1565 paternas

213 1572 430 1612 Edidicisse
464 1573 566 1612 suit:
604 1573 774 1612 fatorum
806 1584 946 1612 arcana
979 1571 1164 1611 canebat.

122 1639 192 1672 640
212 1631 316 1683 Ergo
344 1631 411 1670 ubi
443 1633 630 1670 vaticinos
663 1633 844 1683 concepit
875 1636 1006 1670 mente
1038 1631 1217 1682 furoreS,

213 1690 457 1741 Incaluitque
490 1690 562 1729 deo
581 1722 593 1743 ,
625 1702 742 1741 quem
774 1690 950 1729 clausum
980 1695 1143 1741 pectore
1174 1686 1366 1739 habebat,

211 1751 360 1800 Aspicit
390 1749 579 1788 infantem
611 1745 713 1788 ‘toti’
747 1761 823 1800 que
855 1746 1047 1787 ‘salutifer
1078 1746 1165 1786 orbi

213 1807 354 1847 Cresce
387 1820 486 1859 puer
506 1805 530 1847 ε’
563 1807 660 1847 dixit
692 1805 777 1846 ‘tibi
808 1819 850 1846 se
882 1806 1059 1846 mortalia
1084 1817 1200 1858 saepe

214 1865 386 1918 Corpora
418 1866 647 1906 debebunt:
678 1868 825 1905 animas
858 1864 926 1904 tibi
958 1865 1124 1904 reddere
1155 1864 1355 1916 ademptas

123 1932 192 1965 645
214 1925 286 1964 Fas
319 1926 422 1964 erit:
453 1925 572 1976 idque
603 1925 725 1964 semel
756 1924 815 1963 dis
846 1923 1140 1975 indignantibus
1171 1934 1314 1975 ausus,

211 1983 333 2022 Posse
365 1983 458 2022 dare
488 1983 563 2023 hoc
592 1985 737 2023 iterum
768 1983 921 2022 ssamma
952 1980 1214 2034 prohibebere
1246 1983 1369 2034 avita,

213 2041 323 2094 Eque
355 2043 428 2081 deo
461 2054 606 2094 corpus
637 2043 707 2081 fies
739 2053 935 2092 exsangue
954 2072 965 2093 ‚
997 2040 1197 2093 deusque,
1314 2049 1434 2075 t.xx1.

215 2101 291 2147 Qui
322 2101 437 2140 modo
470 2113 613 2152 corpus
645 2112 732 2140 eras
750 2132 762 2153 ‚
794 2106 833 2140 et
863 2100 924 2139 bis
955 2104 1021 2138 tua
1053 2099 1130 2138 fata
1155 2097 1339 2138 novabis.

214 2159 274 2198 Tu
306 2171 463 2211 quoque
481 2191 493 2212 ,
525 2171 614 2198 care
645 2165 756 2211 pater
775 2191 786 2211 ,
818 2170 923 2197 nunc
954 2156 1172 2197 inmortalis
1205 2163 1245 2197 et
1275 2159 1378 2198 aevis

126 2226 195 2259 650
215 2217 406 2257 Omnibus
438 2224 481 2257 ut
512 2229 669 2257 maneas
687 2250 699 2270 ‚
730 2217 916 2257 nascendi
947 2216 1032 2267 lege
1064 2220 1244 2269 creatus,

213 2276 335 2315 Posse
367 2278 468 2315 mori
499 2278 634 2328 cupies
665 2282 750 2316 tum
768 2307 779 2329 ,
812 2288 903 2315 cum
934 2273 1164 2314 cruciabere
1195 2274 1303 2314 dirae

215 2334 411 2387 Sanguine
443 2336 640 2387 serpentis
670 2346 742 2387 per
774 2335 905 2374 saucia
935 2332 1112 2373 membra
1142 2337 1327 2386 recepto:
