1554 2563
110 147 127 186 1
137 146 188 186 16
374 158 466 180 mrcn
653 144 867 180 METAMM
882 172 891 181 .

134 265 200 295 335
222 256 303 296 lllic
334 255 566 295 incumbens
599 268 688 295 cum
719 255 885 295 Palladis
917 255 1057 295 arbore
1089 255 1237 307 palmae

222 315 355 353 Edidit
384 316 505 354 invita
536 316 712 365 geminos
745 314 891 354 Latona
923 326 1112 353 noverca.

222 373 322 412 Hinc
354 385 511 425 quoque
542 372 732 412 lunonem
764 374 911 424 fugisse
943 385 1139 425 puerpera
1170 373 1296 412 fertur

221 433 345 484 Inque
376 444 448 472 suo
480 438 660 483 portasse
692 433 780 471 sinu
800 464 811 484 ,
843 432 920 471 duo
953 433 1141 484 numina,
1173 438 1307 471 natos.

222 491 380 542 lamque
412 490 715 530 Chimaeriferae
735 523 746 544 ,
778 503 868 530 cum
899 490 958 530 sol
988 492 1116 542 gravis
1148 497 1282 530 ureret
1307 502 1420 541 arva,

135 557 202 590 340
222 549 385 589 Finibus
416 551 456 588 in
487 548 626 601 Lyciae
656 549 772 601 longo
804 549 876 589 dea
906 550 1010 588 fessa
1041 548 1173 588 labore

223 609 385 648 Sidereo
417 610 562 648 siccata
593 609 699 648 sitim
731 608 887 659 collegit
919 607 965 647 ab
997 614 1132 648 aestu:

224 667 429 719 Uberaque
460 666 666 706 ebiberant
696 666 796 706 avidi
827 667 1009 706 lactantia
1040 668 1143 706 nati.

222 726 339 766 Forte
369 726 498 766 lacum
528 726 739 766 mediocris
770 738 893 777 aquae
924 727 1130 778 prospexit
1159 727 1199 765 in
1232 727 1318 764 imis

223 784 424 825 Vallibus:
456 790 630 836 agrestes
661 784 741 823 illic
772 785 961 823 fruticosa
992 784 1174 835 legebant

135 851 201 883 345
222 843 373 883 vimina
403 855 494 883 cum
524 845 653 882 iuncis
684 850 912 895 gratamque
942 843 1150 895 paludibus
1182 843 1330 882 ulvam.

221 904 427 955 Accessit,
456 904 665 954 positoque
696 914 800 954 genu
831 901 985 941 Titania
1016 908 1162 941 terram

221 962 400 1014 Pressit,
431 967 476 1000 ut
505 961 683 1002 hauriret
713 960 861 1013 gelidos
892 967 1032 1013 potura
1064 960 1260 1012 quuoreS.

222 1021 384 1060 Rustica
416 1019 530 1059 turba
561 1025 721 1059 vetant.
760 1020 831 1059 dea
863 1021 920 1059 sic
952 1020 1064 1059 affata
1096 1025 1296 1059 vetantes:

222 1077 372 1125 “‘Quid
392 1078 610 1130 prohibetis
630 1076 776 1130 aquis?
795 1090 891 1118 usus
912 1079 1131 1118 communis
1151 1089 1340 1130 aquarum
1362 1084 1441 1117 est.

135 1147 201 1178 350
221 1138 302 1177 Nec
334 1137 456 1177 solem
487 1140 692 1189 proprium
725 1143 864 1177 natura
895 1150 969 1176 nec
1000 1141 1090 1177 aera
1122 1137 1216 1176 fecit

222 1197 302 1235 Nec
334 1204 474 1235 tenues
505 1197 660 1236 undas:
691 1196 738 1234 ad
770 1195 924 1248 publica
957 1207 1119 1235 munera
1151 1197 1261 1248 veni,

223 1256 329 1301 Quae
362 1261 492 1294 tamen
524 1263 569 1294 ut
587 1255 688 1294 detis
707 1287 718 1307 ‚
750 1255 912 1306 supplex
934 1261 1025 1306 peto
1047 1286 1055 1294 .
1094 1267 1172 1294 non
1193 1267 1264 1305 ego
1286 1260 1442 1295 nostros

221 1314 390 1353 Abluere
422 1314 486 1353 liic
511 1320 620 1352 artus
651 1313 869 1365 lassataque
901 1313 1077 1353 membra
1107 1313 1314 1366 parabam,

222 1373 299 1412 Sed
333 1372 506 1411 relevare
538 1374 671 1412 sitim.
710 1378 817 1411 caret
848 1385 891 1411 os
923 1384 1061 1412 umore
1094 1372 1290 1424 loquentis

135 1440 200 1471 355
221 1431 272 1470 Et
302 1432 435 1470 fauces
467 1439 609 1483 arent,
639 1432 779 1482 vixque
813 1438 873 1470 est
903 1432 962 1470 via
994 1432 1100 1469 vocis
1131 1433 1172 1470 in
1203 1431 1301 1470 illis.

220 1490 393 1529 Haustus
424 1502 546 1541 aquae
579 1489 673 1529 mihi
704 1495 839 1529 nectar
870 1491 974 1541 erit,
1005 1492 1201 1540 vitamque
1234 1489 1384 1528 fatebor

221 1550 429 1600 Accepisse
462 1548 606 1588 simul:
637 1550 755 1587 vitam
787 1548 974 1587 dederitis
1005 1551 1045 1587 in
1077 1548 1201 1587 unda.

220 1608 269 1646 IIi
301 1619 458 1659 quoque
490 1619 557 1646 vos
579 1614 786 1660 moveant,
818 1609 886 1658 qui
917 1612 1051 1647 nostro
1071 1606 1252 1646 bracchia
1278 1607 1444 1646 tendunt

221 1667 343 1705 Parva
374 1668 463 1705 sinu
484 1663 543 1705 .'''
575 1673 614 1705 et
646 1678 738 1705 casu
771 1666 984 1705 tendebant
1014 1665 1197 1705 bracchia
1228 1668 1331 1705 nati.

135 1734 200 1766 300
223 1726 347 1770 Quem
380 1737 457 1764 non
490 1724 629 1763 blanda
661 1725 755 1764 deae
787 1726 1010 1776 potuissent
1041 1724 1157 1764 verba
1188 1722 1380 1764 movere?

220 1784 269 1823 lli
301 1790 431 1822 tamen
463 1789 640 1823 orantem
670 1789 849 1835 perstant
878 1783 1089 1835 prohibere
1107 1815 1119 1836 ,
1150 1784 1376 1834 minasque,

221 1842 270 1880 Ni
302 1842 440 1893 procul
472 1841 683 1893 abscedat,
716 1843 970 1892 conviciaque
1002 1844 1166 1894 insuper
1197 1841 1366 1881 addunt.

220 1901 302 1939 Nec
334 1902 428 1939 satis
459 1906 548 1951 est,
578 1902 685 1952 ipsos
717 1902 834 1940 etiam
864 1900 1110 1952 pedibusque
1141 1911 1337 1952 manuque

221 1958 446 1998 Turbavere
477 1958 586 1997 lacus
605 1991 615 2011 ‚
647 1960 803 2010 imoque
836 1971 857 1997 e
889 1961 1043 2010 gurgite
1076 1958 1231 1998 mollem

134 2027 199 2056 365
223 2018 307 2057 Huc
338 2017 431 2056 illuc
463 2017 598 2057 limum
631 2017 731 2056 saltu
763 2029 920 2057 movere
951 2018 1143 2068 mali‘gno.

222 2075 379 2115 Distulit
408 2077 467 2115 ira
498 2077 632 2116 sitim:
664 2088 792 2127 neque
824 2077 929 2115 enim
960 2078 1035 2115 iam
1067 2076 1142 2115 filia
1176 2075 1267 2115 Coei

222 2134 425 2186 Supplicat
454 2134 654 2187 indignis,
686 2147 758 2174 nec
790 2134 921 2173 dicere
954 2136 1123 2174 sustinet
1156 2134 1256 2174 ultra

220 2192 346 2232 Verba
378 2194 529 2232 minora
561 2193 663 2245 dea;
695 2193 915 2245 tollensque
947 2193 994 2232 ad
1026 2193 1154 2232 sidera
1185 2193 1332 2244 palmas

223 2249 486 2291 te‘Aeternum
519 2249 671 2303 stagno'
703 2252 800 2291 dixit
831 2249 982 2291 ‘vivatis
1013 2254 1054 2291 in
1085 2253 1160 2292 isto
1175 2248 1232 2291 .''’

134 2318 200 2350 370
214 2309 413 2349 Eveniunt
443 2317 575 2362 optata
606 2310 730 2350 deae.
767 2313 874 2350 iuvat
905 2322 991 2350 esse
1023 2309 1097 2350 sub
1128 2310 1268 2363 undis,
1329 2320 1354 2345 t.
1377 2317 1443 2345 mi.

220 2367 269 2406 Et
300 2368 414 2408 modo
450 2374 528 2408 tota
560 2381 649 2409 cava
682 2368 937 2421 submergere
969 2368 1144 2409 membra
1175 2368 1340 2421 palude,
