1554 2563
588 163 639 198 Xl
656 191 664 208 ‚
693 167 878 199 201—272
894 189 902 198 .
1051 177 1177 199 'mmm
1329 163 1412 206 223

187 273 270 313 lllic
301 279 342 314 te
373 273 545 326 Peleus,
575 279 621 313 ut
651 285 788 313 somno
820 274 949 314 vincta
980 274 1159 327 iacebas,

189 332 394 385 Occupat:
426 339 466 371 et
497 334 681 384 quoniam
711 331 897 384 precibus
929 339 1116 385 temptata
1147 345 1367 387 repugnas,

102 399 169 431 240
189 391 275 431 Vim
305 397 446 443 parat,
477 392 683 431 innectens
716 391 906 431 ambobus
939 392 1038 431 colla
1068 393 1249 432 lacertis.

189 449 302 496 Quod
334 452 410 489 nisi
443 451 646 503 venisses,
682 452 838 489 variatis
871 463 987 503 saepe
1019 452 1179 504 figuris,
1266 460 1296 485 ε.
1316 459 1413 486 clxiv.

188 509 245 548 Ad
278 509 411 548 solitas
445 516 548 548 artes
567 541 578 562 ‚
610 521 703 548 auso
736 509 839 548 foret
869 509 933 549 ille
965 512 1137 561 potitus.

190 567 267 607 Sed
292 568 407 606 modo
437 573 478 607 tu
504 567 674 607 volucris
693 590 751 595 —
772 568 971 607 volucrem
998 562 1127 608 tamen
1153 568 1216 607 ille
1236 568 1415 622 tenebat;

189 627 302 666 Nunc
334 627 462 678 gravis
494 626 611 665 arbor
637 638 754 666 eras:
792 627 978 667 haerebat
1008 630 1049 667 in
1082 627 1223 667 arbore
1247 627 1415 668 Peleus.

100 692 168 725 245
189 686 323 725 Tertia
355 686 479 724 forma
512 686 586 724 suit
617 686 838 725 maculosae
871 686 1054 738 tigridis:
1092 686 1157 725 illa

188 744 369 784 Territus
401 744 589 783 Aeacides
622 757 643 783 a
675 757 840 797 corpore
873 745 1055 784 bracchia
1087 745 1223 784 solvit.

188 803 321 854 Usque
354 803 449 842 deos
480 803 607 855 pelagi
638 805 727 842 vino
760 816 880 856 super
912 816 1082 855 aequora
1116 804 1203 843 fuso

188 862 238 901 Et
268 863 424 914 pecoris
457 862 567 901 fibris
600 869 639 901 et
670 863 777 902 fumo
810 864 910 902 turis
942 864 1102 915 adorat,

187 921 320 960 Donec
353 920 586 972 Carpathius
619 921 746 960 medio
779 922 826 960 de
858 923 1012 973 gurgite
1044 928 1151 961 vates

101 987 168 1019 250
189 978 369 1019 ‘Aeacide
389 977 415 1032 ,'
447 980 545 1019 dixit
577 977 768 1019 ‘thalamis
799 982 952 1031 potiere
983 982 1147 1032 petitis:

188 1039 248 1077 Tu
281 1039 396 1078 modo
416 1071 427 1090 ‚
459 1051 549 1077 cum
580 1038 707 1089 rigido
740 1041 866 1090 sopita
899 1041 1077 1090 quiescet
1107 1041 1148 1077 in
1180 1045 1317 1091 antro,

191 1098 370 1148 lgnaram
401 1097 550 1148 laqueis
583 1098 787 1149 vincloque
818 1099 975 1137 innecte
1006 1099 1158 1137 tenaci.

189 1156 270 1195 Nec
302 1163 340 1195 te
373 1156 542 1208 decipiat
573 1163 733 1195 centum
765 1159 927 1196 mentita
960 1157 1129 1208 figuras,

191 1214 268 1254 Sed
307 1226 442 1267 preme
461 1246 474 1267 ,
513 1215 700 1266 quicquid
738 1217 843 1267 erit,
880 1215 974 1255 dum
1011 1214 1116 1266 quod
1155 1215 1230 1255 fuit
1267 1222 1379 1269 ante,

1188 1274 1377 1314 reformet
1391 1271 1416 1312 .'

103 1340 168 1372 255
189 1332 348 1372 Dixerat
378 1333 476 1372 haec
506 1332 675 1372 Proteus
707 1339 748 1372 et
779 1333 954 1372 condidit
984 1345 1155 1384 aequore
1187 1333 1362 1385 vultum,

190 1392 436 1442 Admisitque
469 1404 561 1430 suos
592 1393 633 1430 in
665 1391 783 1430 verba
814 1393 1025 1430 novissima
1056 1392 1222 1431 fluctus.

190 1450 345 1490 Pronus
379 1456 463 1488 erat
493 1450 608 1488 Titan
639 1450 906 1501 inclinatoque
937 1450 1097 1489 tenebat

190 1508 426 1560 Hesperium
459 1515 614 1547 temone
647 1509 822 1561 fretum,
855 1521 945 1547 cum
976 1508 1141 1560 pulchra
1172 1508 1319 1547 relecto

190 1567 328 1606 Nereis
360 1567 582 1618 ingreditur
614 1574 803 1606 consueta
835 1567 978 1606 cubilia
1010 1579 1125 1606 saxo.

103 1634 169 1666 260
190 1626 261 1665 Vix
292 1626 393 1664 bene
427 1627 622 1676 virgineos
652 1625 794 1665 Peleus
825 1627 1021 1665 invaserat
1051 1632 1184 1678 artus,

189 1685 258 1723 llla
290 1691 405 1723 novat
436 1685 581 1723 formas
600 1716 612 1737 7
647 1684 772 1723 donec
804 1696 874 1723 sua
906 1684 1082 1723 membra
1112 1685 1241 1723 teneri

192 1743 321 1782 Sentit
352 1748 392 1782 et
422 1745 463 1782 in
494 1748 625 1795 partes
655 1742 828 1782 diversas
860 1742 1042 1783 bracchia
1073 1743 1204 1782 tendi.

191 1801 293 1841 Tum
325 1801 484 1841 demum
515 1803 735 1853 ingemuit:
767 1799 927 1853 ‘neque'
959 1803 1014 1841 ait
1046 1798 1146 1840 ‘sine
1178 1803 1339 1840 numine

1098 1866 1102 1869 ⁴
1270 1861 1417 1913 vincis,

190 1918 372 1958 Exhibita
398 1924 536 1970 estque
556 1919 692 1958 Thetis
706 1916 731 1958 .'
765 1919 985 1958 confessam
1004 1919 1253 1970 amplectitur
1279 1918 1417 1971 heros,

103 1984 170 2016 265
189 1977 240 2017 Et
270 1980 420 2029 potitur
450 1979 551 2017 votis
582 1979 811 2029 ingentique
842 1978 980 2028 implet
1010 1977 1181 2016 Achille.

249 2036 357 2075 Felix
389 2042 429 2076 et
459 2042 549 2076 nato
569 2068 580 2088 ‚
612 2036 704 2075 felix
736 2043 775 2075 et
807 2038 972 2087 coniuge
1004 2036 1171 2088 Peleus,

190 2095 241 2134 Et
272 2097 366 2148 cui,
398 2096 431 2134 si
463 2095 595 2133 demas
627 2095 791 2146 iugulati
824 2096 988 2133 crimina
1018 2094 1164 2146 Phoci,

192 2153 330 2193 Omnia
363 2155 637 2204 contigerant.
676 2154 850 2192 fraterno
883 2154 1072 2204 sanguine
1104 2157 1257 2191 sontem

190 2211 487 2263 Expulsumque
519 2212 634 2250 domo
666 2214 791 2263 patria
821 2211 1031 2250 Trachinia
1061 2211 1178 2250 tellus

103 2278 170 2310 '270
190 2272 343 2322 Accipit
362 2301 371 2310 .
408 2271 473 2309 hic
504 2282 672 2322 regnum
704 2271 788 2309 sine
820 2272 888 2322 vi,
919 2271 1003 2308 sine
1036 2269 1152 2309 caede
1185 2268 1346 2320 regebat

189 2328 372 2368 Lucifero
404 2331 583 2380 genitore
616 2335 722 2367 satus
741 2360 753 2382 ‚
782 2329 1032 2380 patriumque
1064 2330 1234 2367 nitorem

192 2386 270 2427 Ore
302 2388 434 2427 ferens
467 2387 571 2439 Ceyx
591 2418 600 2427 .
637 2387 702 2426 illo
735 2390 803 2439 qui
834 2395 1012 2439 tempore
1043 2394 1215 2426 maestus
