1554 2563
608 120 640 156 V
653 148 663 166 ,
690 124 852 156 62—134
868 149 874 155 .
1075 133 1200 156 sitsi-:us
1356 118 1410 161 91

191 231 294 270 Ense
335 232 436 272 iacet
467 231 670 283 Clymeni:
700 230 969 271 Prothoenora
1006 232 1178 282 percutit
1209 229 1413 282 Hypseus,

191 289 345 342 Hypsea
375 289 567 343 Lyncides
587 321 596 330 .
634 290 709 329 suit
739 295 778 329 et
808 288 1050 341 grandaevus
1082 291 1121 327 in
1152 289 1228 328 illis

106 356 171 388 100
191 348 397 389 Emathion
416 380 427 402 ‚
458 350 573 400 aequi
604 348 731 388 cultor
762 347 1001 399 timidusque
1033 347 1219 399 deorum3

193 407 297 460 Qui,
329 408 512 460 quoniam
543 406 754 459 prohibent
784 408 875 446 anni
906 405 1051 445 bellare
1069 438 1081 459 ‚
1111 403 1306 457 loquendo

192 466 344 518 Pugnat
375 473 415 505 et
445 467 607 505 incessit
638 464 905 516 scelerataque
937 464 1101 504 devovet
1131 476 1237 503 arma

192 525 292 565 Huic
325 525 503 565 Chromis
536 522 711 576 amplexo
743 523 923 564 tremulis
955 522 1089 563 altaria
1119 523 1256 574 palmis

193 583 349 623 Decutit
381 595 474 623 ense
507 590 652 635 caput;
685 582 789 634 quod
819 583 1000 634 protinus
1031 581 1168 621 incidit
1200 593 1287 620 arae

107 649 170 681 105
192 643 318 694 Atque
350 642 404 681 ibi
436 643 652 682 semianimi
684 641 801 680 verba
833 642 1076 681 exsecrantia
1107 640 1238 691 lingua

192 701 351 753 Edidit,
383 707 422 740 et
453 700 602 740 medios
634 701 801 740 animam
834 700 1022 751 expiravit
1053 700 1094 738 in
1124 701 1257 750 ignes.

194 759 292 799 Hinc
324 761 468 811 gemini
500 760 641 799 fratres
672 758 914 810 Broteasque
952 764 992 797 et
1023 757 1219 797 caestibus
1251 758 1413 796 Ammon

193 819 366 857 Invictus
385 850 395 870 ‚
427 819 529 857 vinci
562 819 595 857 si
626 825 788 869 possent
819 816 1015 857 caestibus
1048 829 1184 868 enses,

191 877 340 917 Phinea
373 877 550 916 cecidere
583 889 699 916 manu
718 907 729 928 ,
762 876 995 927 Cererisque
1028 875 1209 914 sacerdos

108 942 172 974 no
192 937 388 988 Ampycus
406 968 417 988 ‚
448 935 592 975 albenti
624 935 772 974 velatus
804 941 979 986 tempora
1011 936 1128 973 vitta.

192 995 252 1034 Tu
274 1006 430 1046 quoque
449 1026 460 1047 ,
491 993 717 1046 Lampetide
736 1025 747 1046 ,
779 1005 856 1033 non
876 993 947 1032 hos
967 992 1210 1031 adhibendus
1230 991 1277 1030 ad
1298 1003 1393 1031 usus
1406 1022 1417 1043 ,

195 1053 271 1093 Sed
304 1054 399 1106 qui,
430 1054 538 1105 pacis
569 1064 668 1105 opus
687 1084 697 1104 ‚
730 1052 917 1091 citharam
955 1064 1045 1090 cum
1084 1063 1178 1090 voce
1216 1061 1416 1101 movereS‚

196 1113 329 1152 Iussus
361 1123 447 1151 eras
480 1110 679 1151 celebrare
712 1111 830 1162 dapes
861 1111 1084 1161 festumque
1117 1109 1314 1148 canendo.

195 1171 267 1211 Cui
297 1170 435 1223 procul
467 1171 608 1210 astanti
639 1169 911 1221 plectrumque
944 1168 1087 1208 inbelle
1119 1169 1270 1207 tenenti

108 1235 173 1267 115
195 1229 369 1269 Pettalus
394 1229 563 1268 irridens
596 1225 756 1280 ‘Stygiis
788 1240 882 1267 cane
915 1224 1060 1267 cetera'
1092 1226 1189 1265 dixit

196 1284 405 1327 ‘Manibus'
438 1294 478 1327 et
509 1287 615 1326 laevo
647 1299 877 1326 mucronem
908 1292 1086 1337 tempore
1117 1287 1222 1324 fixit.

196 1346 403 1399 Concidit,
434 1352 474 1386 et
505 1346 636 1398 digitis
667 1344 926 1385 morientibus
957 1344 1020 1384 ille
1053 1350 1225 1383 retentat

196 1405 274 1444 Fila
307 1405 440 1457 lyrae3
472 1416 643 1455 casuque
675 1405 748 1443 fuit
779 1402 998 1443 miserabile
1031 1414 1212 1443 carmen.

195 1464 275 1503 Nec
308 1465 401 1503 sinit
431 1463 535 1503 hunc
561 1465 708 1514 inpune
741 1463 850 1501 ferox
883 1462 1070 1501 cecidisse
1102 1460 1335 1512 Lycormas,

111 1529 175 1562 120
196 1523 396 1574 Raptaque
429 1521 477 1560 de
509 1521 646 1560 dextro
680 1520 840 1560 robusta
871 1519 1055 1572 repagula
1086 1520 1189 1571 posti

197 1580 360 1620 Ossibus
392 1580 514 1619 inlisit
545 1579 694 1618 mediae
727 1580 918 1618 cervicis.
957 1585 996 1618 at
1025 1577 1088 1617 ille

198 1638 415 1679 Procubuit
446 1646 573 1678 terrae
606 1639 762 1677 mactati
794 1649 902 1676 more
933 1638 1110 1677 iuvenci.

198 1698 361 1737 Demere
393 1696 609 1748 temptabat
639 1696 736 1735 laevi
769 1707 924 1747 quoque
957 1695 1097 1734 robora
1129 1696 1253 1746 postis

198 1756 410 1808 Cinyphius
441 1755 623 1794 Pelates:
655 1755 862 1806 temptanti
892 1753 1052 1793 dextera
1084 1754 1157 1793 fixa
1193 1760 1255 1793 est

111 1823 176 1854 125
199 1815 369 1866 Cuspide
401 1814 655 1854 Marmaridae
689 1812 876 1865 Corythi,
907 1812 1090 1863 lignoque
1122 1812 1316 1851 cohaesit.

198 1873 383 1913 Haerenti
415 1873 515 1912 latus
547 1873 677 1911 hausit
707 1871 838 1910 Abas:
870 1883 942 1910 nec
975 1872 1126 1910 corruit
1154 1870 1242 1922 ille,

199 1931 275 1971 Sed
306 1933 501 1971 retinente
533 1943 691 1970 manum
723 1931 895 1970 moriens
927 1941 948 1968 e
979 1935 1091 1981 poste
1122 1929 1330 1981 pependit.

200 1991 399 2030 Sternitur
431 1996 470 2029 et
500 1989 699 2029 Menaleus
717 2021 728 2041 ‚
760 1988 918 2027 Perseia
950 1994 1076 2026 castra
1108 1994 1289 2039 secutus,

198 2049 249 2088 Et
279 2048 548 2087 Nasamoniaci
578 2047 739 2099 Dorylas
771 2047 988 2086 ditissimus
1019 2047 1126 2097 agri3

112 2115 179 2147 130
199 2107 313 2147 Dives
346 2108 427 2158 agri
458 2106 647 2159 Dorylas,
680 2118 756 2157 quo
788 2117 868 2144 non
899 2103 1128 2157 possederat
1159 2104 1256 2142 alter

199 2165 332 2204 LatIus
351 2197 361 2216 ‚
393 2171 460 2204 aut
490 2165 652 2204 totidem
684 2163 844 2203 tollebat
874 2165 974 2203 turis
1007 2175 1190 2201 acervos.

199 2224 324 2263 Huius
349 2225 389 2262 in
421 2223 578 2275 obliquo
610 2224 773 2262 missum
806 2223 914 2261 stetit
944 2222 1103 2273 inguine
1136 2221 1309 2273 serrum3

199 2281 346 2321 Letifer
378 2282 441 2321 ille
473 2281 612 2321 locus.
651 2293 767 2332 quem
798 2286 1006 2332 postquam
1039 2279 1210 2319 vulneris
1243 2284 1380 2318 auctor

201 2339 484 2392 Singultantem
518 2341 683 2379 animam
716 2346 755 2378 et
785 2345 1004 2378 versantem
1036 2337 1181 2377 lumina
1213 2337 1308 2376 vidit
