1554 2563
263 109 319 130 1111
346 108 499 130 amnes
642 93 856 129 METAMM
870 121 877 128 .

212 205 407 244 Arbuteos
438 206 542 244 setus
574 210 834 256 montanaque
867 204 973 256 fraga
1004 203 1185 255 legebant

126 272 191 304 105
213 263 418 315 Cornaque
451 270 489 302 et
520 265 560 302 in
592 263 702 303 duris
733 263 933 302 haerentia
965 274 1074 301 mora
1105 262 1257 301 rubetis

212 322 262 362 Et
288 335 387 373 quae
419 322 646 361 deciderant
677 322 807 374 patula
838 321 939 360 Iovis
971 320 1140 373 arbore,
1173 319 1355 372 glandes,

213 380 290 420 Ver
322 386 407 420 erat
437 386 671 433 aeternum,
702 380 921 432 placidique
954 379 1179 431 tepentibus
1211 379 1317 418 auris

213 439 435 479 Mulcebant
466 439 623 491 zephyri
655 445 766 478 natos
798 441 881 477 sine
915 440 1062 477 semine
1094 438 1235 477 ssores.

213 498 301 537 Mox
333 500 450 538 etiam
482 499 614 550 fruges
645 498 761 537 tellus
793 499 940 536 inarata
973 497 1146 549 ferebat,

128 565 193 597 110
213 556 293 596 Nec
324 562 534 596 renovatus
566 569 657 608 ager
688 556 856 608 gravidis
888 555 1051 595 canebat
1082 556 1235 594 aristis:

213 615 390 654 Flumina
420 617 497 655 iam
528 615 667 668 lactis,
698 617 774 654 iam
794 615 953 654 ssumina
984 616 1154 654 nectaris
1184 613 1316 667 ibant,

214 674 406 725 Flavaque
439 674 485 713 de
517 673 632 713 viridi
664 673 861 713 stillabant
892 673 979 712 ilice
1011 673 1147 712 mella.

271 732 485 784 Postquam
518 733 686 772 Saturno
718 732 926 772 tenebrosa
957 733 997 771 in
1030 732 1190 771 Tartara
1217 733 1336 771 misso

215 791 297 831 Sub
323 792 411 831 Iove
445 791 614 830 mundus
647 798 759 844 erat,
791 790 912 830 subiit
943 797 1125 842 argentea
1156 790 1311 843 proleS‚

127 859 192 889 115
212 851 318 890 Auro
350 850 523 890 deterior
541 882 552 903 ,
583 846 687 889 fulvo
719 851 930 902 pretiosior
960 862 1073 889 aere.

214 909 391 961 Iuppiter
422 911 572 960 antiqui
604 910 798 948 contraxit
828 914 1005 960 tempora
1035 910 1161 962 veris,
1351 917 1378 942 1-
1397 916 1419 943 11

212 967 368 1019 Perque
401 968 551 1007 hiemes
584 973 794 1019 aestusque
827 972 866 1006 et
896 967 1120 1018 inaequales
1152 974 1361 1007 autumnos

215 1026 265 1066 Et
296 1026 414 1066 breve
447 1038 514 1065 ver
547 1028 683 1078 spatiis
710 1027 839 1077 exegit
871 1032 1056 1077 quattuor
1087 1038 1255 1066 annum.

135 1128 136 1131 ,
213 1085 315 1125 Tum
346 1087 517 1137 primum
545 1086 660 1124 siccis
692 1088 758 1124 aer
790 1084 1011 1123 fervoribus
1044 1090 1156 1124 ustus

129 1152 194 1184 120
215 1143 383 1183 Canduit
400 1175 411 1197 ‚
443 1149 484 1183 et
513 1145 638 1182 ventis
671 1143 813 1195 glacies
845 1143 1030 1182 adstricta
1063 1143 1270 1195 pependit.

215 1203 317 1242 Tum
354 1204 526 1254 primum
567 1202 724 1241 subiere
757 1202 896 1241 domus
917 1233 925 1240 .
964 1202 1104 1241 domus
1135 1208 1246 1241 antra
1278 1203 1438 1242 fuerunt

213 1261 264 1301 Et
294 1261 406 1300 densi
439 1262 602 1300 frutices
635 1266 675 1300 et
705 1262 856 1299 vinctae
889 1262 1036 1299 cortice
1068 1262 1221 1312 virgae.

214 1320 372 1359 Semina
404 1326 488 1359 tum
518 1321 690 1371 primum
722 1319 848 1370 longis
881 1318 1052 1357 Cerealia
1079 1319 1198 1359 sulcis

216 1378 366 1418 Obruta
398 1384 490 1417 sunt
508 1409 519 1431 ‚
550 1380 756 1430 pressique
788 1379 879 1428 iugo
911 1390 1095 1429 gemuere
1128 1379 1305 1417 iuvenci.

128 1444 194 1476 125
273 1437 406 1476 Tertia
437 1443 527 1488 post
556 1437 662 1475 illam
693 1437 884 1476 successit
915 1440 1034 1475 aenea
1065 1437 1219 1490 proles,
1341 1444 1439 1471 11ss-

215 1496 375 1535 Saevior
406 1497 573 1546 ingeniis
605 1501 645 1534 et
676 1495 722 1534 ad
755 1494 912 1533 horrida
942 1497 1161 1546 promptior
1193 1508 1321 1548 arma,

213 1554 300 1593 Non
332 1554 519 1593 scelerata
551 1560 681 1592 tamen
702 1585 710 1592 .
749 1553 796 1592 de
829 1553 927 1593 duro
948 1559 1009 1593 est
1028 1554 1162 1593 ultima
1189 1555 1317 1594 ferro.
1342 1563 1372 1590 ¹.
1392 1562 1437 1588 iv·

214 1613 401 1652 Protinus
432 1614 577 1664 irrupit
607 1624 726 1651 venae
759 1613 905 1663 peioris
936 1613 976 1650 in
1008 1624 1144 1652 aevum

216 1671 339 1710 Omne
372 1672 511 1710 nefas:
543 1672 680 1722 fugere
712 1671 840 1722 pudor
871 1683 1086 1722 verumque
1119 1671 1317 1725 fidesque3

129 1731 258 1770 1301n
290 1742 459 1781 quorum
490 1729 647 1768 subiere
680 1730 809 1768 locum
840 1729 1076 1781 fraudesque
1108 1730 1263 1781 dolique

216 1788 460 1839 Insidiaeque
495 1794 533 1827 et
564 1790 621 1827 vis
653 1794 693 1827 et
723 1800 831 1826 amor
864 1788 1077 1828 sceleratus
1108 1788 1299 1828 habendi.

216 1847 307 1886 Vela
339 1846 483 1886 dabant
515 1848 672 1899 ventis,
704 1859 777 1885 nec
809 1846 935 1885 adhuc
967 1846 1065 1885 bene
1098 1854 1259 1887 noverat
1290 1847 1376 1887 illos

215 1905 380 1957 Navita3
413 1917 592 1957 quaeque
623 1905 691 1944 diu
724 1910 916 1944 steterant
947 1906 987 1943 in
1020 1905 1220 1945 montibus
1252 1905 1365 1958 altis,

216 1963 419 2003 Fluctibus
451 1965 594 2015 ignotis
626 1963 862 2002 insultavere
895 1965 1074 2002 carinae.

131 2031 196 2062 135
218 2023 553 2073 Communemque
586 2024 696 2074 prius
729 2034 800 2061 ceu
832 2022 978 2060 lumina
1010 2022 1102 2061 solis
1135 2029 1175 2062 et
1208 2035 1323 2063 auras

218 2081 363 2120 Cautus
395 2081 558 2120 humum
592 2081 706 2132 longo
739 2082 904 2132 signavit
935 2080 1056 2119 limite
1089 2093 1270 2121 mensor.

216 2139 298 2178 Nec
323 2146 475 2178 tantum
508 2145 660 2190 segetes
693 2139 952 2189 ali1nentaque
985 2139 1115 2178 debita
1147 2139 1253 2179 dives

217 2197 457 2237 Poscehatur
489 2198 632 2237 humus
651 2229 662 2250 ,
694 2197 761 2236 sed
794 2199 890 2236 itum
933 2203 991 2236 est
1031 2200 1070 2236 in
1109 2199 1258 2238 viscera
1286 2205 1441 2239 terrae:

220 2256 404 2307 Quasque
438 2256 713 2295 recondiderat
751 2255 973 2307 Stygiisque
1006 2256 1230 2297 admoverat
1267 2259 1440 2311 umbris,

132 2323 198 2354 140
218 2314 467 2354 Effodiuntur
500 2327 593 2366 opes
615 2347 624 2365 ,
657 2316 900 2354 irritamenta
933 2314 1146 2355 malorum.
