1554 2563
556 86 665 131 XIII,
692 89 876 122 589-669
895 113 903 121 .
964 98 1118 121 AENEAS.
1143 97 1247 121 Aures
1313 83 1398 126 273

174 194 398 247 Urbemque
430 195 602 236 ostendit
633 195 874 248 delubraque
906 201 997 236 nota
1028 196 1204 248 duasque

84 260 153 292 635
174 252 320 293 Latona
352 255 547 306 quondam
580 257 722 307 stirpes
753 257 930 307 pariente
962 249 1158 294 retentas.

173 312 278 351 Ture
311 313 399 352 dato
432 313 596 352 flammis
629 315 797 364 vinoque
828 316 869 352 in
902 320 989 353 tura
1019 315 1182 365 profuso

174 370 462 423 Caesarumque
494 372 613 411 boum
645 372 752 411 fibris
785 372 832 410 de
864 385 973 411 more
1006 373 1188 411 crematis

174 429 293 481 Regia
325 436 429 470 tecta
459 436 628 484 petunt,
659 432 875 483 positisque
909 431 1104 482 tapetibus
1137 430 1223 469 altis

173 488 335 528 Munera
368 501 458 528 cum
490 489 637 540 liquido
671 491 830 541 capiunt
862 489 1035 528 Cerealia
1065 489 1241 528 Baccho.

84 553 154 587 640
175 547 275 586 Tum
307 549 395 599 pius
427 548 647 588 Anchises:
680 545 717 586 ‘o
750 548 899 586 Phoebi
930 548 1030 587 lecte
1063 547 1270 599 sacerdos,

174 605 302 644 Fallor
320 638 331 658 ,
357 619 405 645 an
433 612 472 646 et
497 613 631 646 natum
650 638 661 659 ,
688 619 777 645 cum
803 609 973 658 primum
1000 607 1095 645 haec
1120 607 1273 645 moenia
1300 604 1399 657 vidi,

176 664 322 715 Bisque
355 665 451 704 duas
487 672 626 718 natas,
659 672 849 717 quantum
887 667 1149 717 reminiscor,
1180 663 1349 703 habebas
1363 660 1397 701 ?’

173 723 273 762 Huic
305 724 426 762 Anius
459 726 582 763 niveis
615 724 855 763 circumdata
886 730 1063 775 tempora
1093 725 1200 762 vittis

174 781 411 821 Concutiens
444 788 483 821 et
514 784 639 822 tristis
670 784 751 822 ait:
784 780 878 821 ‘non
910 783 1054 821 falleris
1072 814 1084 835 ,
1115 782 1232 821 heros

84 848 152 879 645
174 840 367 880 Maxime:
399 841 529 880 vidisti
560 847 743 880 natorum
775 843 949 893 quinque
980 846 1206 893 parentem,

174 899 299 945 Quem
332 911 437 939 nunc
469 921 524 928 —
557 905 663 939 tanta
695 900 875 939 homines
907 912 1043 938 rerum
1074 899 1335 938 inconstantia

1186 963 1315 996 versat
1341 977 1393 983 —

175 1016 303 1056 Paene
336 1017 444 1056 vides
477 1017 618 1057 orbum
638 1049 646 1056 .
687 1017 790 1069 quod
824 1019 928 1056 enim
959 1016 1055 1055 mihi
1086 1017 1189 1055 filius
1221 1015 1362 1054 absens

174 1076 370 1114 Auxilium
389 1107 400 1128 ,
432 1088 549 1127 quem
580 1076 684 1115 dicta
716 1088 787 1115 suo
820 1076 867 1114 de
901 1077 1059 1114 nomine
1091 1075 1206 1114 tellus

174 1134 326 1173 Andros
346 1134 463 1173 habet
482 1147 553 1186 pro
574 1141 684 1186 patre
703 1166 714 1186 ,
740 1134 949 1185 locumque
969 1140 1009 1173 et
1028 1145 1147 1184 regna
1167 1129 1399 1172 tenentem?

86 1200 154 1232 650
176 1192 308 1232 Delius
341 1195 548 1244 augurium
580 1193 687 1232 dedit
718 1192 809 1231 huic
829 1224 837 1232 .
877 1192 984 1231 dedit
1014 1192 1135 1231 altera
1166 1191 1283 1230 Liber

174 1251 379 1290 Femineae
411 1253 525 1303 stirpi
557 1258 645 1290 voto
678 1253 824 1290 maiora
856 1251 1010 1302 fideque

175 1310 365 1349 Munera.
404 1323 493 1349 nam
525 1317 632 1349 tactu
665 1317 843 1349 natarum
876 1316 1016 1349 cuncta
1048 1320 1225 1348 mearum

174 1368 217 1408 In
250 1375 422 1420 segetem
442 1401 452 1421 ‚
484 1369 717 1419 laticemque
750 1370 878 1421 meri,
910 1368 1124 1419 bacamque
1155 1367 1350 1405 Minervae

174 1427 601 1480 Transsormabantur‚
633 1427 818 1478 divesque
851 1432 935 1465 erat
966 1439 1062 1465 usus
1094 1427 1133 1464 in
1166 1425 1265 1466 illis,

86 1494 153 1525 655
175 1486 257 1525 Hoc
289 1486 357 1524 ubi
389 1487 571 1537 cognovit
600 1485 739 1523 Troiae
772 1485 979 1536 populator
1009 1484 1190 1535 Atrides,

175 1545 232 1584 Ne
264 1557 341 1583 non
375 1557 422 1583 ex
454 1544 581 1595 aliqua
613 1550 782 1582 vestram
815 1545 985 1582 sensisse
1017 1542 1229 1594 procellam

176 1604 254 1642 Nos
287 1615 443 1654 quoque
476 1609 587 1654 parte
619 1608 734 1653 putes
753 1633 764 1654 ,
796 1614 995 1640 armorum
1027 1601 1176 1640 viribus
1207 1612 1303 1639 usus

176 1663 376 1701 Abstrahit
407 1663 545 1700 invitas
577 1663 725 1712 gremio
758 1662 976 1713 genitoris,
1008 1660 1212 1712 alantque,

177 1722 347 1772 Imperat
371 1721 590 1771 Argolicam
622 1720 780 1758 caelesti
812 1731 975 1758 munere
1008 1718 1195 1757 classem.

54 1826 56 1828 v
87 1788 156 1819 660
177 1780 379 1831 Ell'ugiunt
411 1791 488 1830 quo
522 1791 699 1830 quaeque
732 1784 889 1829 potest:
921 1777 1079 1816 Euboea
1111 1775 1285 1828 duabus,

176 1839 225 1877 Et
257 1839 419 1877 totidem
452 1839 551 1876 natis
583 1836 735 1875 Andros
768 1837 939 1875 fraterna
971 1838 1092 1887 petita
1125 1841 1205 1874 est.

177 1897 288 1936 Miles
321 1898 431 1935 adest
462 1903 530 1948 et,
563 1897 603 1934 ni
635 1895 828 1933 dedantur
847 1926 858 1947 ,
889 1894 988 1932 bella
1020 1896 1215 1933 minatur.

177 1955 284 1994 Victa
317 1962 423 1993 metu
456 1956 580 2006 pietas
613 1956 808 1992 consortia
840 1960 997 2004 pectora
1031 1964 1179 2004 poenae

179 2014 334 2052 Dedidit
354 2045 362 2053 .
402 2019 441 2052 et
474 2013 607 2051 timido
641 2014 767 2063 possis
800 2014 1006 2062 ignoscere
1039 2011 1172 2049 fratri.

88 2081 156 2111 665
178 2073 262 2111 Non
294 2073 357 2111 hic
389 2072 539 2110 Aeneas
558 2103 568 2123 ‚
601 2083 679 2109 non
698 2102 709 2123 ‚
742 2072 808 2120 qui
841 2070 1070 2108 defenderet
1101 2068 1286 2120 Andron,

178 2131 323 2170 Hector
354 2137 466 2181 erat,
498 2142 568 2181 per
601 2141 717 2180 quem
744 2128 937 2167 decimum
964 2129 1133 2167 durastis
1163 2129 1204 2165 in
1236 2138 1401 2166 annum.

178 2190 335 2241 lamque
368 2188 604 2240 parabantur
638 2189 799 2238 captivis
831 2187 954 2225 vincla
987 2187 1166 2226 lacertis:

178 2248 268 2286 Illae
302 2247 482 2286 tollentes
515 2249 728 2284 etiamnum
761 2245 882 2283 libera
915 2246 1020 2284 caelo

179 2306 365 2345 Bracchia
392 2303 573 2344 “Bacche
599 2312 711 2356 pater
729 2335 741 2357 ,
767 2306 825 2342 ser
852 2317 966 2356 opem
985 2301 1026 2343 !''
1053 2304 1210 2343 dixere.
1236 2303 1403 2355 tulitque

131 2379 247 2406 nvn).
266 2379 317 2404 11.
1077 2375 1119 2405 18
