1554 2563
599 140 650 176 ΙΙΙ
668 168 676 185 ,
704 145 887 177 214—287
903 169 909 176 .
1079 155 1208 177 seuam
1368 142 1425 184 53

205 250 303 302 [Nec
335 252 410 291 nisi
441 252 549 291 finita
580 263 652 303 per
682 251 849 304 plurima
881 251 1041 292 vulnera
1074 254 1148 292 vita

204 310 262 349 lra
294 310 540 362 pharetratae
572 310 699 350 fertur
731 312 867 350 satiata
898 310 1040 350 Dianae
1056 310 1083 362 .]

262 368 411 408 Rumor
441 370 482 408 in
514 368 695 420 ambiguo
728 375 817 409 est:
848 369 933 409 aliis
965 369 1172 409 violentior
1204 382 1328 422 aequo

204 427 292 466 Visa
323 427 394 466 dea
426 432 514 478 est,
546 427 609 467 alii
640 427 799 467 laudant
830 427 1063 480 dignamque
1097 441 1231 468 severa

116 492 182 524 255
203 485 433 537 virginitate
464 493 605 525 vocant
624 517 633 526 .
678 499 767 538 pars
798 488 947 526 invenit
977 492 1144 538 utraque
1178 499 1337 527 causas.

204 544 294 584 Sola
326 544 425 583 Iovis
459 547 628 584 coniunx
662 557 740 584 non
772 551 851 584 tam
884 545 1066 597 culpetne
1099 545 1290 597 probetne

204 603 411 654 Eloquitur
430 635 441 657 ,
473 615 589 655 quam
622 603 729 643 clade
762 604 901 644 domus
933 604 980 643 ab
1007 605 1184 656 Agenore
1211 605 1350 644 ductae

205 662 385 714 Gaudet,
416 667 457 702 et
487 674 507 701 a
538 661 655 714 Tyria
687 662 895 703 collectum
926 663 1074 715 paelice
1106 663 1294 702 transfert

204 721 246 760 ln
279 721 436 772 generis
467 722 595 773 socios
627 721 788 762 odium.
828 721 934 761 subit
965 734 1057 761 ecce
1089 723 1213 774 priori

117 787 183 819 260
205 780 329 819 Causa
359 791 499 819 recens
518 811 529 833 ‚
560 780 836 832 gravidamque
867 780 974 820 dolet
1004 780 1051 819 de
1084 783 1233 820 semine
1266 781 1393 832 magni

204 838 300 878 Esse
332 837 432 878 Iovis
459 838 668 879 Semelen.
707 839 800 879 dum
831 839 1003 891 linguam
1035 839 1081 878 ad
1107 840 1232 890 iurgia
1264 839 1400 890 solvit,

205 895 375 937 ‘Proieci
407 897 499 948 quid
533 899 637 937 enim
668 900 813 938 totiens
845 910 916 950 per
947 899 1074 949 iurgia
1093 895 1129 937 ?'
1162 897 1259 937 dixit

206 954 308 1008 ‘Ipsa
338 956 507 1008 petenda
538 957 633 996 mihi
665 963 754 996 est:
785 958 910 1009 ipsam
928 989 940 1009 ‚
971 958 1004 996 si
1036 958 1201 996 maxima
1233 955 1330 996 Iuno

206 1015 294 1054 Rite
326 1026 474 1068 vocor,
505 1015 696 1068 perdam,
728 1017 761 1054 si
793 1027 855 1055 me
887 1017 1122 1067 gemmantia
1149 1014 1284 1053 dextra

119 1081 185 1112 265
209 1074 372 1126 Sceptra
404 1079 540 1113 tenere
573 1074 715 1127 decet,
747 1076 780 1113 si
812 1086 900 1113 sum
931 1075 1066 1125 regina
1097 1073 1277 1125 Iovisque

205 1132 255 1172 Et
274 1144 387 1172 soror
406 1138 446 1172 et
465 1134 635 1172 coniunx
654 1165 665 1185 ,
698 1138 804 1172 certe
826 1145 938 1172 soror
959 1164 967 1172 .
1000 1138 1039 1171 at
1056 1164 1067 1185 ‚
1092 1137 1188 1185 puto
1208 1164 1219 1185 ,
1244 1133 1350 1171 furto
1373 1138 1432 1171 est

207 1191 399 1231 Contenta
431 1197 471 1230 et
500 1191 659 1231 thalami
690 1191 820 1231 brevis
853 1198 913 1230 est
943 1192 1086 1230 iniuria
1118 1192 1266 1230 nostri.

207 1248 414 1302 Concipit!
445 1249 484 1289 id
517 1250 679 1290 deerat!
712 1251 994 1302 manifestaque
1028 1251 1191 1289 crimina
1221 1249 1337 1301 pleno

207 1308 299 1348 Fert
325 1315 438 1348 utero
471 1316 510 1348 et
541 1315 695 1362 mater,
728 1309 832 1361 quod
863 1310 926 1348 vix
958 1308 1054 1348 mihi
1086 1309 1280 1361 contigit,
1312 1320 1390 1347 uno

120 1375 186 1407 270
206 1368 261 1407 De
293 1367 382 1406 Iove
408 1367 490 1407 vult
522 1368 636 1408 fieri.
676 1367 801 1419 [tanta
832 1374 892 1407 est
923 1367 1066 1407 fiducia
1097 1367 1245 1406 formae
1260 1365 1288 1417 .]

207 1426 328 1466 Fallat
359 1438 444 1465 eam
470 1427 586 1466 faxo:
619 1439 692 1466 nec
724 1439 811 1466 sum
845 1426 1028 1466 Saturnia
1047 1457 1058 1479 ‚
1090 1428 1123 1465 si
1148 1438 1226 1465 non

209 1484 264 1524 Ab
297 1485 386 1524 Iove
419 1497 548 1524 mersa
579 1497 650 1525 suo
684 1485 836 1537 Stygias
868 1484 1092 1537 penetrabit
1123 1484 1170 1523 ad
1203 1483 1326 1523 undas
1339 1480 1363 1522 .'

210 1543 344 1595 Surgit
376 1543 423 1582 ab
454 1543 515 1582 his
547 1544 643 1583 solio
662 1576 674 1597 ‚
705 1544 886 1595 fulvaque
919 1542 1121 1582 recondita
1152 1541 1257 1581 nube

209 1602 345 1641 Limen
378 1601 457 1641 adit
489 1602 691 1642 Semeles.
730 1614 804 1642 nec
837 1601 962 1642 nubes
994 1607 1083 1641 ante
1115 1602 1304 1652 removit,

123 1668 190 1700 275
213 1661 337 1707 Quam
370 1660 566 1701 simulavit
596 1673 713 1701 anum
732 1693 743 1714 ,
774 1662 985 1713 posuitque
1017 1659 1065 1699 ad
1096 1665 1274 1711 tempora
1295 1670 1436 1710 canos,

211 1719 460 1772 Sulcavitque
493 1726 623 1759 cutem
649 1721 757 1772 rugis
775 1751 787 1772 ‚
819 1726 858 1759 et
889 1731 1009 1758 curva
1038 1719 1226 1758 trementi
1292 1725 1321 1752 ί.
1342 1726 1435 1751 xxix·

209 1778 383 1818 Membra
414 1779 504 1818 tulit
533 1791 682 1832 passu3
713 1790 850 1818 vocem
881 1789 1039 1830 quoque
1071 1778 1165 1816 fecit
1195 1776 1360 1829 anilem,

210 1837 375 1889 Ipsaque
408 1843 492 1877 erat
521 1837 647 1877 Beroe
665 1869 677 1890 ,
710 1837 883 1877 Semeles
915 1835 1125 1888 Epidauria
1151 1836 1306 1874 nutrix.

209 1895 313 1948 Ergo
345 1895 413 1935 ubi
445 1902 598 1948 captato
630 1908 812 1936 sermone
844 1895 990 1946 diuque
1022 1894 1218 1946 loquendo

124 1961 191 1994 280
211 1954 267 1993 Ad
300 1967 443 1994 nomen
475 1967 618 1994 venere
649 1954 750 1994 Iovis
770 1987 781 2007 ,
814 1955 986 2006 suspirat
1016 1959 1057 1992 et
1088 1950 1220 2004 ‘opt0,

211 2012 387 2065 luppiter
418 2020 463 2053 ut
495 2015 547 2053 sit
563 2010 590 2066 ,³
622 2015 676 2053 ait
707 2011 855 2053 ‘metuo
888 2019 1019 2052 tamen
1052 2013 1203 2050 omnia.
1236 2009 1348 2049 multi

210 2070 375 2111 Nomine
408 2071 588 2112 divorum
619 2072 808 2111 thalamos
840 2072 966 2111 iniere
996 2069 1185 2122 pudicos.

212 2129 294 2169 Nec
325 2136 457 2170 tamen
489 2143 577 2170 esse
608 2131 740 2170 Iovem
772 2131 865 2170 satis
898 2135 987 2169 est:
1020 2129 1085 2168 det
1110 2129 1253 2180 pignus
1274 2127 1439 2178 amoris,

214 2187 255 2227 Si
286 2189 402 2228 modo
433 2201 552 2229 verus
582 2191 616 2229 is
649 2196 738 2229 est:
770 2194 1020 2241 quantusque
1051 2192 1092 2226 et
1128 2186 1253 2238 qualis
1285 2185 1331 2224 ab
1365 2184 1440 2224 alta

127 2253 192 2285 285
213 2246 364 2287 Iunone
395 2249 590 2300 excipitur
608 2280 620 2301 ,
651 2254 784 2288 tantus
814 2247 981 2298 talisque
1000 2278 1012 2299 ,
1042 2251 1202 2298 rogato,

212 2304 287 2344 Det
316 2305 389 2345 tibi
420 2306 647 2358 complexus
665 2338 677 2360 ‚
708 2318 856 2357 suaque
890 2310 979 2344 ante
1010 2305 1176 2356 insignia
1208 2300 1372 2342 sumat.’

213 2362 372 2404 Talibus
403 2365 578 2417 ignaram
611 2364 706 2404 luno
740 2364 947 2404 Cadmeida
978 2363 1092 2404 dictis
