1554 2563
576 107 626 141 IV
641 134 653 150 ‚
679 110 746 142 282
759 110 864 141 -354
880 134 888 142 .
1040 119 1204 142 umen
1351 105 1404 147 75

186 217 236 257 Et
267 219 378 257 finxit
408 217 558 256 vultum
578 249 588 268 ,
619 223 659 256 et
690 218 835 256 meruit
866 217 1035 256 formosa
1066 216 1211 256 videri.

102 285 170 316 320
190 277 302 316 Tunc
333 278 390 315 sic
421 288 510 315 orsa
540 276 676 329 loqui,
708 273 838 328 “puer
869 288 891 314 o
924 276 1149 326 dignissime
1179 274 1288 314 credi

185 334 282 374 Esse
315 334 412 375 deus
431 366 442 387 ,
474 346 543 373 seu
577 340 618 374 tu
651 334 749 373 deus
781 346 824 373 es
842 366 853 386 ,
885 340 996 385 potes
1028 346 1116 373 esse
1143 333 1315 386 Cupido:

184 393 273 432 Sive
306 405 349 432 es
379 393 554 432 mortalis
573 425 584 446 ‚
616 395 682 444 qui
714 399 751 432 te
784 405 956 444 genuere
975 424 986 445 ,
1017 392 1144 445 beati,

181 452 231 491 Et
261 452 382 491 frater
413 452 504 491 felix
523 483 534 504 ,
565 458 605 491 et
635 452 832 491 fortunata
862 452 1040 503 profecto

184 510 303 562 Siqua
336 510 406 550 tibi
438 523 550 549 soror
581 516 671 563 est,
703 517 742 549 ct
773 522 871 562 quae
904 510 1011 548 dedit
1043 510 1163 549 ubera
1183 541 1194 562 ,
1225 510 1381 549 nutrix.

95 577 162 609 325
184 569 261 608 Sed
292 568 407 620 longe
439 570 592 608 cunctis
624 569 816 620 longeque
847 568 999 608 beatior
1031 568 1117 620 illa,

184 628 304 679 Siqua
335 627 407 667 tibi
438 640 580 679 sponsa
613 634 702 680 est,
734 629 885 679 siquam
918 627 1127 678 dignabere
1162 627 1294 666 taeda.

183 686 288 725 Haec
319 686 391 725 tibi
422 688 503 726 sive
536 686 661 738 aliqua
695 692 784 739 est,
817 698 901 725 mea
941 688 992 724 sit
1029 687 1170 725 furtiva
1204 685 1406 738 voluptas:

184 745 262 784 Seu
289 745 393 785 nulla
425 750 514 796 est,
545 757 617 796 ego
650 746 722 784 sim
741 777 751 797 ,
784 745 1073 796 thalamumque
1104 747 1283 783 ineamus

1183 799 1407 842 eundem.'’

183 862 275 902 Nais
307 862 354 902 ab
385 863 446 902 his
479 865 628 902 tacuit.
668 864 782 914 pueri
814 863 936 902 rubor
968 875 1036 901 ora
1067 863 1238 901 notavit:

96 929 164 962 330
183 921 319 961 Nescit
350 923 455 961 enim
473 953 484 974 ,
516 921 609 973 quid
642 933 779 960 amor.
817 922 886 960 sed
918 928 958 960 et
989 920 1196 960 erubuisse
1221 919 1406 959 decebat.

184 980 256 1019 Hic
288 981 395 1019 color
427 982 557 1032 aprica
587 979 851 1032 pendentibus
882 979 1022 1019 arbore
1054 981 1203 1031 pomis,

184 1044 261 1078 Aut
291 1039 402 1078 ebori
433 1041 555 1078 tincto
588 1045 676 1091 est,
707 1045 775 1078 aut
806 1038 879 1078 sub
913 1038 1297 1090 candore-rubenti,

186 1099 284 1137 Cum
315 1100 463 1137 frustra
493 1104 681 1137 resonant
712 1109 801 1136 aera
833 1097 1032 1137 auxiliaria
1050 1129 1062 1150 ‚
1093 1096 1231 1136 lunae.

184 1156 368 1196 Poscenti
399 1156 590 1208 nymphae
623 1158 707 1195 sine
738 1157 815 1195 fine
848 1158 997 1195 sororia
1030 1155 1167 1194 saltem

100 1223 168 1255 335
191 1215 333 1254 Oscula
352 1247 363 1267 ,
395 1217 549 1266 iamque
581 1227 719 1254 manus
750 1214 798 1253 ad
830 1215 1003 1254 eburnea
1035 1214 1131 1253 colla
1157 1215 1300 1253 serenti

187 1271 371 1313 “Desinis
390 1271 411 1313 ⁴?
443 1281 509 1313 aut
541 1274 646 1325 rugio
665 1306 675 1326 ‚
707 1271 933 1325 tecumque'
966 1275 1018 1313 ait
1051 1271 1140 1312 ‘ista
1172 1273 1351 1324 relinquo
1368 1269 1409 1311 .'’

188 1333 374 1372 Salmacis
394 1334 575 1372 extimuit
592 1365 602 1384 ,
635 1330 766 1372 “loca'
799 1345 875 1384 que
908 1330 1019 1371 ‘haec
1038 1331 1110 1371 tibi
1130 1331 1253 1370 libera
1274 1332 1383 1370 trado
1400 1363 1409 1383 ,

186 1388 369 1443 Hospes”
402 1394 454 1430 ait
485 1391 719 1443 simulatque
751 1391 873 1443 gradu
907 1390 1110 1430 discedere
1143 1402 1280 1442 verSO,

189 1450 290 1489 Tum
317 1462 473 1502 quoque
506 1452 722 1502 respiciens
742 1482 752 1502 ,
785 1451 1051 1501 fruticumque
1083 1448 1285 1488 recondita
1318 1448 1408 1487 silva

99 1516 168 1549 340
188 1508 350 1548 Delituit
367 1541 379 1561 ,
409 1509 592 1560 ssexuque
624 1521 726 1560 genu
760 1511 983 1548 summisit.
1022 1514 1061 1547 at
1093 1508 1181 1559 ille,

190 1567 350 1607 Scilicet
381 1574 425 1608 ut
455 1569 588 1607 vacuis
620 1574 660 1607 et
691 1567 963 1606 inobservatus
994 1568 1034 1605 in
1066 1565 1222 1617 herbis,

188 1626 275 1666 Huc
306 1628 336 1665 it
367 1633 406 1666 et
437 1626 528 1666 hinc
559 1625 652 1666 illuc
671 1657 682 1679 ,
713 1633 753 1666 et
783 1628 823 1665 in
855 1625 1117 1665 alludentibus
1150 1626 1264 1664 undis

191 1685 349 1725 Summa
381 1685 526 1736 pedum
557 1685 713 1737 taloque
747 1691 861 1724 tenus
895 1686 1054 1736 vestigia
1086 1685 1251 1735 tinguit.

189 1744 269 1783 Nec
300 1757 409 1783 mora
428 1777 438 1796 ,
472 1745 660 1796 temperie
692 1744 922 1783 blandarum
953 1749 1090 1795 captus
1121 1754 1309 1794 aquarum

58 1847 60 1849 ,
101 1810 170 1842 345
189 1802 317 1842 Mollia
348 1804 395 1842 de
429 1810 565 1842 tenero
597 1803 785 1842 velamina
817 1814 982 1855 corpore
1014 1803 1147 1854 ponit.

189 1862 291 1901 Tum
315 1874 408 1901 vero
439 1863 620 1915 stupuit,
652 1863 859 1912 nudaeque
891 1860 1074 1912 cupidine
1106 1861 1252 1899 formae

191 1920 376 1960 Salmacis
408 1923 581 1960 exarsit.
618 1920 783 1972 flagrant
820 1932 977 1971 quoque
1015 1920 1161 1958 lumina
1198 1918 1412 1970 nymphae,

190 1979 277 2018 Non
309 1979 420 2019 aliter
451 1992 568 2031 quam
600 1991 690 2019 cum
722 1992 821 2031 puro
853 1978 1110 2017 nitidissimus
1143 1976 1237 2016 orbe

192 2037 379 2090 Opposita
410 2038 560 2090 speculi
591 2039 778 2078 referitur
811 2040 976 2089 imagine
1008 2036 1214 2075 Phoebus.

104 2103 172 2137 350
191 2096 340 2148 Vixque
372 2109 520 2136 moram
552 2098 729 2150 patitur,
761 2098 823 2136 vix
853 2099 929 2135 iam
961 2108 1031 2135 sua
1062 2094 1200 2147 gaudia
1231 2094 1384 2147 differt,

193 2155 273 2194 Iam
305 2157 413 2207 cupit
444 2155 656 2208 amplecti,
686 2157 762 2195 iam
793 2167 835 2194 se
869 2154 965 2194 male
998 2155 1174 2193 continet
1205 2165 1360 2192 amens.

193 2214 260 2253 llle
278 2245 290 2266 ‚
321 2217 426 2253 cavis
461 2214 568 2253 velox
600 2214 783 2266 applauso
816 2225 981 2265 corpore
1011 2212 1150 2265 palmis

193 2271 330 2312 Desilit
360 2274 401 2312 in
432 2272 596 2324 latices,
629 2273 856 2324 alternaque
889 2271 1070 2310 bracchia
1100 2271 1250 2311 ducens

194 2330 239 2370 ln
268 2330 427 2384 liquidis
458 2332 674 2371 translucet
706 2333 816 2383 aquis
835 2362 846 2384 ,
878 2338 921 2370 ut
951 2329 1124 2370 eburnea
1157 2331 1278 2382 siquis
