<?xml version="1.0" encoding="UTF-8"?>
<!DOCTYPE html PUBLIC "-//W3C//DTD XHTML 1.0 Transitional//EN"
    "http://www.w3.org/TR/xhtml1/DTD/xhtml1-transitional.dtd">
<html xmlns="http://www.w3.org/1999/xhtml" xml:lang="en" lang="en">
 <head>
  <title>
</title>
<meta http-equiv="Content-Type" content="text/html;charset=utf-8" />
  <meta name='ocr-system' content='tesseract 3.04.00' />
  <meta name='ocr-capabilities' content='ocr_page ocr_carea ocr_par ocr_line ocrx_word'/>
</head>
<body>
  <div class='ocr_page' id='page_1' title='image "./operaovid02oviduoft_0190.png"; bbox 0 0 1554 2563; ppageno 0'>
   <div class='ocr_carea' id='block_1_1' title="bbox 123 146 902 189">
    <p class='ocr_par' dir='ltr' id='par_1_1' title="bbox 123 146 902 189">
     <span class='ocr_line' id='line_1_1' title="bbox 123 146 902 189; baseline -0.003 -5"><span class='ocrx_word' id='word_1_1' title='bbox 123 147 201 189; x_wconf 82' lang='grc'><strong>118</strong></span> <span class='ocrx_word' id='word_1_2' title='bbox 372 159 497 182; x_wconf 63' lang='lat' dir='ltr'><strong>ruore</strong></span> <span class='ocrx_word' id='word_1_3' title='bbox 667 146 881 182; x_wconf 81' lang='lat' dir='ltr'><strong>METAMM</strong></span> <span class='ocrx_word' id='word_1_4' title='bbox 895 175 902 183; x_wconf 88' lang='lat'><strong><em>.</em></strong></span> 
     </span>
    </p>
   </div>
   <div class='ocr_carea' id='block_1_2' title="bbox 143 256 1413 2421">
    <p class='ocr_par' dir='ltr' id='par_1_2' title="bbox 148 256 1359 428">
     <span class='ocr_line' id='line_1_2' title="bbox 234 256 1324 310; baseline 0.002 -14"><span class='ocrx_word' id='word_1_5' title='bbox 234 258 311 304; x_wconf 88' lang='lat' dir='ltr'><strong>Qui</strong></span> <span class='ocrx_word' id='word_1_6' title='bbox 341 257 451 296; x_wconf 90' lang='lat' dir='ltr'><strong>locus</strong></span> <span class='ocrx_word' id='word_1_7' title='bbox 483 262 544 296; x_wconf 91' lang='lat' dir='ltr'><strong>est</strong></span> <span class='ocrx_word' id='word_1_8' title='bbox 574 256 697 309; x_wconf 87' lang='lat' dir='ltr'><strong>iuguli</strong></span> <span class='ocrx_word' id='word_1_9' title='bbox 730 257 881 298; x_wconf 89' lang='lat' dir='ltr'><strong>medius</strong></span> <span class='ocrx_word' id='word_1_10' title='bbox 914 258 1134 309; x_wconf 84' lang='lat' dir='ltr'>summique</span> <span class='ocrx_word' id='word_1_11' title='bbox 1165 257 1324 310; x_wconf 80' lang='lat' dir='ltr'>lacerti,</span> 
     </span>
     <span class='ocr_line' id='line_1_3' title="bbox 148 317 1359 368; baseline 0 -12"><span class='ocrx_word' id='word_1_12' title='bbox 148 325 213 356; x_wconf 67' lang='lat'><strong>410</strong></span> <span class='ocrx_word' id='word_1_13' title='bbox 236 317 393 355; x_wconf 83' lang='lat' dir='ltr'><strong>Defuit.</strong></span> <span class='ocrx_word' id='word_1_14' title='bbox 431 317 645 367; x_wconf 89' lang='lat' dir='ltr'><strong>inpositum</strong></span> <span class='ocrx_word' id='word_1_15' title='bbox 677 322 737 356; x_wconf 86' lang='lat' dir='ltr'><strong>est</strong></span> <span class='ocrx_word' id='word_1_16' title='bbox 768 329 846 356; x_wconf 88' lang='lat' dir='ltr'><strong>non</strong></span> <span class='ocrx_word' id='word_1_17' title='bbox 878 318 1140 368; x_wconf 84' lang='lat' dir='ltr'><strong>comparentis</strong></span> <span class='ocrx_word' id='word_1_18' title='bbox 1171 317 1211 356; x_wconf 92' lang='lat' dir='ltr'><strong>in</strong></span> <span class='ocrx_word' id='word_1_19' title='bbox 1245 328 1359 356; x_wconf 88' lang='lat' dir='ltr'><strong>usum</strong></span> 
     </span>
     <span class='ocr_line' id='line_1_4' title="bbox 234 374 1317 428; baseline 0 -14"><span class='ocrx_word' id='word_1_20' title='bbox 234 375 361 414; x_wconf 89' lang='lat' dir='ltr'><strong>Partis</strong></span> <span class='ocrx_word' id='word_1_21' title='bbox 394 374 522 427; x_wconf 83' lang='lat' dir='ltr'><strong>ebur3</strong></span> <span class='ocrx_word' id='word_1_22' title='bbox 554 375 734 426; x_wconf 76' lang='lat' dir='ltr'><strong>factoque</strong></span> <span class='ocrx_word' id='word_1_23' title='bbox 766 375 908 428; x_wconf 82' lang='lat' dir='ltr'><strong>Pelops</strong></span> <span class='ocrx_word' id='word_1_24' title='bbox 940 375 1014 414; x_wconf 81' lang='lat' dir='ltr'><strong>fuit</strong></span> <span class='ocrx_word' id='word_1_25' title='bbox 1045 376 1198 427; x_wconf 83' lang='lat' dir='ltr'>integer</span> <span class='ocrx_word' id='word_1_26' title='bbox 1229 375 1317 414; x_wconf 85' lang='lat' dir='ltr'><strong>illo.</strong></span> 
     </span>
    </p>

    <p class='ocr_par' dir='ltr' id='par_1_3' title="bbox 143 433 1413 2421">
     <span class='ocr_line' id='line_1_5' title="bbox 291 433 1394 486; baseline 0.002 -14"><span class='ocrx_word' id='word_1_27' title='bbox 291 433 467 472; x_wconf 77' lang='lat' dir='ltr'>Finitimi</span> <span class='ocrx_word' id='word_1_28' title='bbox 497 446 684 486; x_wconf 84' lang='lat' dir='ltr'><strong>proceres</strong></span> <span class='ocrx_word' id='word_1_29' title='bbox 717 437 862 474; x_wconf 70' lang='lat' dir='ltr'><strong>coeunt</strong></span> <span class='ocrx_word' id='word_1_30' title='bbox 879 466 890 486; x_wconf 92' lang='lat'><strong>,</strong></span> <span class='ocrx_word' id='word_1_31' title='bbox 921 433 1120 485; x_wconf 86' lang='lat' dir='ltr'><strong>urbesque</strong></span> <span class='ocrx_word' id='word_1_32' title='bbox 1152 435 1394 486; x_wconf 87' lang='lat' dir='ltr'><strong>propinquae</strong></span> 
     </span>
     <span class='ocr_line' id='line_1_6' title="bbox 234 492 1038 545; baseline -0.001 -13"><span class='ocrx_word' id='word_1_33' title='bbox 234 492 404 532; x_wconf 88' lang='lat' dir='ltr'><strong>Oravere</strong></span> <span class='ocrx_word' id='word_1_34' title='bbox 436 504 529 531; x_wconf 91' lang='lat' dir='ltr'><strong>suos</strong></span> <span class='ocrx_word' id='word_1_35' title='bbox 561 494 618 532; x_wconf 93' lang='lat' dir='ltr'><strong>ire</strong></span> <span class='ocrx_word' id='word_1_36' title='bbox 650 494 696 532; x_wconf 91' lang='lat' dir='ltr'><strong>ad</strong></span> <span class='ocrx_word' id='word_1_37' title='bbox 728 493 869 532; x_wconf 84' lang='lat' dir='ltr'><strong>solacia</strong></span> <span class='ocrx_word' id='word_1_38' title='bbox 902 505 1038 545; x_wconf 84' lang='lat' dir='ltr'><strong>reges,</strong></span> 
     </span>
     <span class='ocr_line' id='line_1_7' title="bbox 235 550 1283 604; baseline 0 -14"><span class='ocrx_word' id='word_1_39' title='bbox 235 553 436 602; x_wconf 71' lang='lat' dir='ltr'><strong>Argosque</strong></span> <span class='ocrx_word' id='word_1_40' title='bbox 470 557 509 590; x_wconf 86' lang='lat' dir='ltr'><strong>et</strong></span> <span class='ocrx_word' id='word_1_41' title='bbox 540 551 680 604; x_wconf 81' lang='lat' dir='ltr'><strong>Sparte</strong></span> <span class='ocrx_word' id='word_1_42' title='bbox 711 551 1044 603; x_wconf 86' lang='lat' dir='ltr'><strong>Pelopeiadesque</strong></span> <span class='ocrx_word' id='word_1_43' title='bbox 1076 550 1283 603; x_wconf 83' lang='lat' dir='ltr'><strong>Mycenae,</strong></span> 
     </span>
     <span class='ocr_line' id='line_1_8' title="bbox 148 609 1207 662; baseline 0.002 -15"><span class='ocrx_word' id='word_1_44' title='bbox 148 618 212 648; x_wconf 74' lang='lat'><strong>415</strong></span> <span class='ocrx_word' id='word_1_45' title='bbox 234 609 283 649; x_wconf 82' lang='lat' dir='ltr'><strong>Et</strong></span> <span class='ocrx_word' id='word_1_46' title='bbox 315 609 489 649; x_wconf 88' lang='lat' dir='ltr'><strong>nondum</strong></span> <span class='ocrx_word' id='word_1_47' title='bbox 521 615 653 649; x_wconf 88' lang='lat' dir='ltr'><strong>torvae</strong></span> <span class='ocrx_word' id='word_1_48' title='bbox 686 609 855 662; x_wconf 83' lang='lat' dir='ltr'><strong>Calydon</strong></span> <span class='ocrx_word' id='word_1_49' title='bbox 886 611 1009 649; x_wconf 91' lang='lat' dir='ltr'><strong>invisa</strong></span> <span class='ocrx_word' id='word_1_50' title='bbox 1041 609 1207 662; x_wconf 87' lang='lat' dir='ltr'><strong>Dianae,</strong></span> 
     </span>
     <span class='ocr_line' id='line_1_9' title="bbox 234 667 1354 721; baseline 0 -14"><span class='ocrx_word' id='word_1_51' title='bbox 234 667 581 720; x_wconf 82' lang='lat' dir='ltr'><strong>Orchomenosque</strong></span> <span class='ocrx_word' id='word_1_52' title='bbox 615 669 722 708; x_wconf 84' lang='lat' dir='ltr'><strong>ferax</strong></span> <span class='ocrx_word' id='word_1_53' title='bbox 754 674 794 708; x_wconf 87' lang='lat' dir='ltr'><strong>et</strong></span> <span class='ocrx_word' id='word_1_54' title='bbox 825 668 965 707; x_wconf 86' lang='lat' dir='ltr'><strong>nobilis</strong></span> <span class='ocrx_word' id='word_1_55' title='bbox 997 680 1087 708; x_wconf 88' lang='lat' dir='ltr'><strong>aere</strong></span> <span class='ocrx_word' id='word_1_56' title='bbox 1120 668 1354 721; x_wconf 75' lang='lat' dir='ltr'><strong>Corinthus,</strong></span> 
     </span>
     <span class='ocr_line' id='line_1_10' title="bbox 233 726 1358 778; baseline 0 -12"><span class='ocrx_word' id='word_1_57' title='bbox 233 727 490 778; x_wconf 80' lang='lat' dir='ltr'><strong>Messeneque</strong></span> <span class='ocrx_word' id='word_1_58' title='bbox 523 728 632 767; x_wconf 79' lang='lat' dir='ltr'><strong>ferox</strong></span> <span class='ocrx_word' id='word_1_59' title='bbox 663 727 882 778; x_wconf 83' lang='lat' dir='ltr'><strong>Patraeque</strong></span> <span class='ocrx_word' id='word_1_60' title='bbox 913 727 1159 778; x_wconf 84' lang='lat' dir='ltr'><strong>humilesque</strong></span> <span class='ocrx_word' id='word_1_61' title='bbox 1192 726 1358 766; x_wconf 87' lang='lat' dir='ltr'><strong>Cleonae</strong></span> 
     </span>
     <span class='ocr_line' id='line_1_11' title="bbox 233 785 1354 839; baseline 0 -14"><span class='ocrx_word' id='word_1_62' title='bbox 233 786 282 825; x_wconf 88' lang='lat' dir='ltr'><strong>Et</strong></span> <span class='ocrx_word' id='word_1_63' title='bbox 313 785 431 825; x_wconf 87' lang='lat' dir='ltr'><strong>Nelea</strong></span> <span class='ocrx_word' id='word_1_64' title='bbox 463 786 607 839; x_wconf 86' lang='lat' dir='ltr'><strong>Pylos,</strong></span> <span class='ocrx_word' id='word_1_65' title='bbox 638 798 767 838; x_wconf 89' lang='lat' dir='ltr'><strong>neque</strong></span> <span class='ocrx_word' id='word_1_66' title='bbox 799 786 924 825; x_wconf 89' lang='lat' dir='ltr'><strong>adhuc</strong></span> <span class='ocrx_word' id='word_1_67' title='bbox 956 786 1123 825; x_wconf 82' lang='lat' dir='ltr'><strong>Pittheia</strong></span> <span class='ocrx_word' id='word_1_68' title='bbox 1155 786 1354 837; x_wconf 85' lang='lat' dir='ltr'><strong>Troezen,</strong></span> 
     </span>
     <span class='ocr_line' id='line_1_12' title="bbox 234 844 1413 898; baseline -0.001 -14"><span class='ocrx_word' id='word_1_69' title='bbox 234 845 421 896; x_wconf 88' lang='lat' dir='ltr'><strong>Quaeque</strong></span> <span class='ocrx_word' id='word_1_70' title='bbox 454 844 573 884; x_wconf 89' lang='lat' dir='ltr'><strong>urbes</strong></span> <span class='ocrx_word' id='word_1_71' title='bbox 599 844 694 884; x_wconf 89' lang='lat' dir='ltr'><strong>aliae</strong></span> <span class='ocrx_word' id='word_1_72' title='bbox 727 844 865 884; x_wconf 84' lang='lat' dir='ltr'><strong>bimari</strong></span> <span class='ocrx_word' id='word_1_73' title='bbox 897 845 1132 884; x_wconf 88' lang='lat' dir='ltr'><strong>clauduntur</strong></span> <span class='ocrx_word' id='word_1_74' title='bbox 1164 844 1210 883; x_wconf 90' lang='lat' dir='ltr'><strong>ab</strong></span> <span class='ocrx_word' id='word_1_75' title='bbox 1242 844 1413 898; x_wconf 82' lang='lat' dir='ltr'><strong>Isthmo,</strong></span> 
     </span>
     <span class='ocr_line' id='line_1_13' title="bbox 145 903 1335 955; baseline 0.001 -13"><span class='ocrx_word' id='word_1_76' title='bbox 145 912 212 943; x_wconf 72' lang='lat'><strong>420</strong></span> <span class='ocrx_word' id='word_1_77' title='bbox 232 903 497 955; x_wconf 85' lang='lat' dir='ltr'><strong>Exteriusque</strong></span> <span class='ocrx_word' id='word_1_78' title='bbox 529 905 625 943; x_wconf 90' lang='lat' dir='ltr'><strong>sitae</strong></span> <span class='ocrx_word' id='word_1_79' title='bbox 657 903 797 943; x_wconf 88' lang='lat' dir='ltr'><strong>bimari</strong></span> <span class='ocrx_word' id='word_1_80' title='bbox 828 909 1056 955; x_wconf 84' lang='lat' dir='ltr'><strong>spectantur</strong></span> <span class='ocrx_word' id='word_1_81' title='bbox 1088 903 1134 942; x_wconf 88' lang='lat' dir='ltr'><strong>ab</strong></span> <span class='ocrx_word' id='word_1_82' title='bbox 1166 903 1335 943; x_wconf 89' lang='lat' dir='ltr'><strong>Isthmo.</strong></span> 
     </span>
     <span class='ocr_line' id='line_1_14' title="bbox 234 960 1312 1014; baseline 0 -13"><span class='ocrx_word' id='word_1_83' title='bbox 234 962 405 1001; x_wconf 81' lang='lat' dir='ltr'><strong>Credere</strong></span> <span class='ocrx_word' id='word_1_84' title='bbox 438 964 526 1013; x_wconf 90' lang='lat' dir='ltr'><strong>quis</strong></span> <span class='ocrx_word' id='word_1_85' title='bbox 557 969 692 1014; x_wconf 86' lang='lat' dir='ltr'><strong>posset</strong></span> <span class='ocrx_word' id='word_1_86' title='bbox 711 960 732 1002; x_wconf 70' lang='lat' dir='ltr'><em>P</em></span> <span class='ocrx_word' id='word_1_87' title='bbox 763 961 867 1002; x_wconf 87' lang='lat' dir='ltr'><strong>solae</strong></span> <span class='ocrx_word' id='word_1_88' title='bbox 899 963 1082 1001; x_wconf 86' lang='lat' dir='ltr'><strong>cessastis</strong></span> <span class='ocrx_word' id='word_1_89' title='bbox 1114 961 1312 1002; x_wconf 83' lang='lat' dir='ltr'><strong>Athenae.</strong></span> 
     </span>
     <span class='ocr_line' id='line_1_15' title="bbox 233 1020 1212 1073; baseline -0.001 -13"><span class='ocrx_word' id='word_1_90' title='bbox 233 1021 396 1060; x_wconf 89' lang='lat' dir='ltr'><strong>Obstitit</strong></span> <span class='ocrx_word' id='word_1_91' title='bbox 426 1022 554 1060; x_wconf 83' lang='lat' dir='ltr'><strong>officio</strong></span> <span class='ocrx_word' id='word_1_92' title='bbox 587 1020 734 1061; x_wconf 89' lang='lat' dir='ltr'><strong>bellum</strong></span> <span class='ocrx_word' id='word_1_93' title='bbox 753 1053 763 1073; x_wconf 90' lang='lat'><strong>,</strong></span> <span class='ocrx_word' id='word_1_94' title='bbox 795 1021 1060 1072; x_wconf 79' lang='lat' dir='ltr'><strong>subvectaque</strong></span> <span class='ocrx_word' id='word_1_95' title='bbox 1091 1026 1212 1073; x_wconf 88' lang='lat' dir='ltr'><strong>ponto</strong></span> 
     </span>
     <span class='ocr_line' id='line_1_16' title="bbox 232 1079 1259 1131; baseline -0.001 -12"><span class='ocrx_word' id='word_1_96' title='bbox 232 1079 402 1119; x_wconf 80' lang='lat' dir='ltr'><strong>Barbara</strong></span> <span class='ocrx_word' id='word_1_97' title='bbox 433 1079 655 1131; x_wconf 88' lang='lat' dir='ltr'><strong>Mopsopios</strong></span> <span class='ocrx_word' id='word_1_98' title='bbox 688 1079 889 1119; x_wconf 85' lang='lat' dir='ltr'><strong>terrebant</strong></span> <span class='ocrx_word' id='word_1_99' title='bbox 920 1081 1070 1131; x_wconf 85' lang='lat' dir='ltr'><strong>agmina</strong></span> <span class='ocrx_word' id='word_1_100' title='bbox 1102 1091 1259 1118; x_wconf 85' lang='lat' dir='ltr'><strong>muros.</strong></span> 
     </span>
     <span class='ocr_line' id='line_1_17' title="bbox 232 1138 1184 1178; baseline 0 -1"><span class='ocrx_word' id='word_1_101' title='bbox 232 1138 439 1178; x_wconf 82' lang='lat' dir='ltr'><strong>Threicius</strong></span> <span class='ocrx_word' id='word_1_102' title='bbox 470 1138 622 1178; x_wconf 89' lang='lat' dir='ltr'><strong>Tereus</strong></span> <span class='ocrx_word' id='word_1_103' title='bbox 654 1138 749 1178; x_wconf 91' lang='lat' dir='ltr'><strong>haec</strong></span> <span class='ocrx_word' id='word_1_104' title='bbox 780 1138 1033 1178; x_wconf 85' lang='lat' dir='ltr'><strong>auxiliaribus</strong></span> <span class='ocrx_word' id='word_1_105' title='bbox 1065 1140 1184 1178; x_wconf 87' lang='lat' dir='ltr'><strong>armis</strong></span> 
     </span>
     <span class='ocr_line' id='line_1_18' title="bbox 145 1196 1301 1249; baseline 0 -13"><span class='ocrx_word' id='word_1_106' title='bbox 145 1205 210 1236; x_wconf 71' lang='lat'><strong>425</strong></span> <span class='ocrx_word' id='word_1_107' title='bbox 233 1197 404 1236; x_wconf 84' lang='lat' dir='ltr'><strong>Fuderat</strong></span> <span class='ocrx_word' id='word_1_108' title='bbox 421 1229 433 1249; x_wconf 92' lang='lat'><strong>,</strong></span> <span class='ocrx_word' id='word_1_109' title='bbox 465 1203 504 1236; x_wconf 86' lang='lat' dir='ltr'><strong>et</strong></span> <span class='ocrx_word' id='word_1_110' title='bbox 535 1197 684 1236; x_wconf 88' lang='lat' dir='ltr'><strong>clarum</strong></span> <span class='ocrx_word' id='word_1_111' title='bbox 716 1197 906 1236; x_wconf 88' lang='lat' dir='ltr'><strong>vincendo</strong></span> <span class='ocrx_word' id='word_1_112' title='bbox 940 1209 1081 1236; x_wconf 87' lang='lat' dir='ltr'><strong>nomen</strong></span> <span class='ocrx_word' id='word_1_113' title='bbox 1113 1196 1301 1236; x_wconf 84' lang='lat' dir='ltr'><strong>habebat:</strong></span> 
     </span>
     <span class='ocr_line' id='line_1_19' title="bbox 233 1255 1358 1308; baseline -0.001 -13"><span class='ocrx_word' id='word_1_114' title='bbox 233 1256 358 1301; x_wconf 88' lang='lat' dir='ltr'><strong>Quem</strong></span> <span class='ocrx_word' id='word_1_115' title='bbox 391 1255 465 1295; x_wconf 86' lang='lat' dir='ltr'><strong>sibi</strong></span> <span class='ocrx_word' id='word_1_116' title='bbox 496 1255 672 1295; x_wconf 88' lang='lat' dir='ltr'><strong>Pandion</strong></span> <span class='ocrx_word' id='word_1_117' title='bbox 704 1255 923 1308; x_wconf 88' lang='lat' dir='ltr'><strong>opibusque</strong></span> <span class='ocrx_word' id='word_1_118' title='bbox 955 1258 1127 1307; x_wconf 84' lang='lat' dir='ltr'><strong>virisque</strong></span> <span class='ocrx_word' id='word_1_119' title='bbox 1159 1261 1358 1307; x_wconf 87' lang='lat' dir='ltr'><strong>potentem</strong></span> 
     </span>
     <span class='ocr_line' id='line_1_20' title="bbox 232 1313 1231 1366; baseline -0.001 -13"><span class='ocrx_word' id='word_1_120' title='bbox 232 1314 281 1353; x_wconf 89' lang='lat' dir='ltr'><strong>Et</strong></span> <span class='ocrx_word' id='word_1_121' title='bbox 311 1326 435 1366; x_wconf 83' lang='lat' dir='ltr'><strong>genus</strong></span> <span class='ocrx_word' id='word_1_122' title='bbox 467 1326 488 1352; x_wconf 88' lang='lat' dir='ltr'><strong>a</strong></span> <span class='ocrx_word' id='word_1_123' title='bbox 520 1326 659 1366; x_wconf 84' lang='lat' dir='ltr'><strong>magno</strong></span> <span class='ocrx_word' id='word_1_124' title='bbox 692 1315 901 1354; x_wconf 88' lang='lat' dir='ltr'><strong>ducentem</strong></span> <span class='ocrx_word' id='word_1_125' title='bbox 933 1315 1033 1353; x_wconf 82' lang='lat' dir='ltr'><strong>sorte</strong></span> <span class='ocrx_word' id='word_1_126' title='bbox 1065 1313 1231 1353; x_wconf 86' lang='lat' dir='ltr'><strong>Gradivo</strong></span> 
     </span>
     <span class='ocr_line' id='line_1_21' title="bbox 233 1372 1283 1425; baseline 0 -13"><span class='ocrx_word' id='word_1_127' title='bbox 233 1372 409 1412; x_wconf 91' lang='lat' dir='ltr'><strong>Conubio</strong></span> <span class='ocrx_word' id='word_1_128' title='bbox 441 1372 617 1424; x_wconf 85' lang='lat' dir='ltr'><strong>Prognes</strong></span> <span class='ocrx_word' id='word_1_129' title='bbox 649 1374 804 1412; x_wconf 86' lang='lat' dir='ltr'><strong>iunxit.</strong></span> <span class='ocrx_word' id='word_1_130' title='bbox 842 1385 919 1417; x_wconf 87' lang='lat' dir='ltr'><strong>non</strong></span> <span class='ocrx_word' id='word_1_131' title='bbox 953 1372 1130 1425; x_wconf 87' lang='lat' dir='ltr'><strong>pronuba</strong></span> <span class='ocrx_word' id='word_1_132' title='bbox 1161 1372 1283 1425; x_wconf 92' lang='lat' dir='ltr'><strong>luno,</strong></span> 
     </span>
     <span class='ocr_line' id='line_1_22' title="bbox 231 1430 1281 1484; baseline 0 -14"><span class='ocrx_word' id='word_1_133' title='bbox 231 1432 317 1470; x_wconf 92' lang='lat' dir='ltr'><strong>Non</strong></span> <span class='ocrx_word' id='word_1_134' title='bbox 349 1430 596 1482; x_wconf 82' lang='lat' dir='ltr'><strong>Hymenaeus</strong></span> <span class='ocrx_word' id='word_1_135' title='bbox 628 1431 767 1484; x_wconf 90' lang='lat' dir='ltr'><strong>adest,</strong></span> <span class='ocrx_word' id='word_1_136' title='bbox 799 1444 877 1471; x_wconf 91' lang='lat' dir='ltr'><strong>non</strong></span> <span class='ocrx_word' id='word_1_137' title='bbox 908 1431 964 1470; x_wconf 91' lang='lat' dir='ltr'><strong>illi</strong></span> <span class='ocrx_word' id='word_1_138' title='bbox 995 1431 1125 1471; x_wconf 86' lang='lat' dir='ltr'><strong>Gratia</strong></span> <span class='ocrx_word' id='word_1_139' title='bbox 1156 1431 1281 1471; x_wconf 87' lang='lat' dir='ltr'><strong>lecto.</strong></span> 
     </span>
     <span class='ocr_line' id='line_1_23' title="bbox 144 1489 1237 1542; baseline -0.001 -12"><span class='ocrx_word' id='word_1_140' title='bbox 144 1498 211 1530; x_wconf 80' lang='grc'><strong>430</strong></span> <span class='ocrx_word' id='word_1_141' title='bbox 231 1489 468 1530; x_wconf 86' lang='lat' dir='ltr'><strong>Eumenides</strong></span> <span class='ocrx_word' id='word_1_142' title='bbox 500 1496 664 1529; x_wconf 89' lang='lat' dir='ltr'><strong>tenuere</strong></span> <span class='ocrx_word' id='word_1_143' title='bbox 697 1490 801 1529; x_wconf 82' lang='lat' dir='ltr'><strong>faces</strong></span> <span class='ocrx_word' id='word_1_144' title='bbox 833 1490 880 1529; x_wconf 91' lang='lat' dir='ltr'><strong>de</strong></span> <span class='ocrx_word' id='word_1_145' title='bbox 913 1491 1051 1529; x_wconf 87' lang='lat' dir='ltr'><strong>funere</strong></span> <span class='ocrx_word' id='word_1_146' title='bbox 1083 1496 1237 1542; x_wconf 82' lang='lat' dir='ltr'><strong>raptas3</strong></span> 
     </span>
     <span class='ocr_line' id='line_1_24' title="bbox 232 1548 1301 1601; baseline 0 -13"><span class='ocrx_word' id='word_1_147' title='bbox 232 1548 469 1588; x_wconf 88' lang='lat' dir='ltr'><strong>Eumenides</strong></span> <span class='ocrx_word' id='word_1_148' title='bbox 500 1554 674 1588; x_wconf 87' lang='lat' dir='ltr'><strong>stravere</strong></span> <span class='ocrx_word' id='word_1_149' title='bbox 707 1555 838 1588; x_wconf 88' lang='lat' dir='ltr'><strong>torum</strong></span> <span class='ocrx_word' id='word_1_150' title='bbox 856 1580 868 1601; x_wconf 88' lang='lat'><strong>,</strong></span> <span class='ocrx_word' id='word_1_151' title='bbox 899 1554 1081 1600; x_wconf 88' lang='lat' dir='ltr'><strong>tectoque</strong></span> <span class='ocrx_word' id='word_1_152' title='bbox 1112 1550 1301 1601; x_wconf 79' lang='lat' dir='ltr'><strong>profanus</strong></span> 
     </span>
     <span class='ocr_line' id='line_1_25' title="bbox 232 1606 1242 1659; baseline 0 -13"><span class='ocrx_word' id='word_1_153' title='bbox 232 1607 414 1647; x_wconf 81' lang='lat' dir='ltr'><strong>Incubuit</strong></span> <span class='ocrx_word' id='word_1_154' title='bbox 443 1606 549 1646; x_wconf 90' lang='lat' dir='ltr'><strong>bubo</strong></span> <span class='ocrx_word' id='word_1_155' title='bbox 579 1607 815 1659; x_wconf 86' lang='lat' dir='ltr'><strong>thalamique</strong></span> <span class='ocrx_word' id='word_1_156' title='bbox 847 1609 886 1647; x_wconf 90' lang='lat' dir='ltr'><strong>in</strong></span> <span class='ocrx_word' id='word_1_157' title='bbox 919 1607 1087 1647; x_wconf 91' lang='lat' dir='ltr'><strong>culmine</strong></span> <span class='ocrx_word' id='word_1_158' title='bbox 1119 1608 1242 1647; x_wconf 89' lang='lat' dir='ltr'><strong>sedit.</strong></span> 
     </span>
     <span class='ocr_line' id='line_1_26' title="bbox 232 1665 1336 1718; baseline 0 -13"><span class='ocrx_word' id='word_1_159' title='bbox 232 1666 312 1705; x_wconf 90' lang='lat' dir='ltr'><strong>Hac</strong></span> <span class='ocrx_word' id='word_1_160' title='bbox 343 1677 411 1705; x_wconf 80' lang='lat' dir='ltr'><strong>ave</strong></span> <span class='ocrx_word' id='word_1_161' title='bbox 444 1667 645 1705; x_wconf 88' lang='lat' dir='ltr'><strong>coniuncti</strong></span> <span class='ocrx_word' id='word_1_162' title='bbox 675 1665 829 1718; x_wconf 82' lang='lat' dir='ltr'><strong>Progne</strong></span> <span class='ocrx_word' id='word_1_163' title='bbox 862 1665 1092 1717; x_wconf 89' lang='lat' dir='ltr'><strong>Tereusque</strong></span> <span class='ocrx_word' id='word_1_164' title='bbox 1110 1697 1122 1717; x_wconf 90' lang='lat'><strong>,</strong></span> <span class='ocrx_word' id='word_1_165' title='bbox 1152 1671 1336 1718; x_wconf 83' lang='lat' dir='ltr'><strong>parentes</strong></span> 
     </span>
     <span class='ocr_line' id='line_1_27' title="bbox 232 1724 1252 1776; baseline 0 -13"><span class='ocrx_word' id='word_1_166' title='bbox 232 1724 311 1764; x_wconf 83' lang='lat' dir='ltr'><strong>Hac</strong></span> <span class='ocrx_word' id='word_1_167' title='bbox 343 1736 412 1763; x_wconf 76' lang='lat' dir='ltr'><strong>ave</strong></span> <span class='ocrx_word' id='word_1_168' title='bbox 444 1730 537 1764; x_wconf 87' lang='lat' dir='ltr'><strong>sunt</strong></span> <span class='ocrx_word' id='word_1_169' title='bbox 568 1725 688 1764; x_wconf 81' lang='lat' dir='ltr'><strong>sacti.</strong></span> <span class='ocrx_word' id='word_1_170' title='bbox 726 1730 874 1776; x_wconf 82' lang='lat' dir='ltr'><strong>gratata</strong></span> <span class='ocrx_word' id='word_1_171' title='bbox 906 1730 966 1763; x_wconf 88' lang='lat' dir='ltr'><strong>est</strong></span> <span class='ocrx_word' id='word_1_172' title='bbox 997 1724 1148 1764; x_wconf 87' lang='lat' dir='ltr'><strong>scilicet</strong></span> <span class='ocrx_word' id='word_1_173' title='bbox 1177 1724 1252 1763; x_wconf 87' lang='lat' dir='ltr'><strong>illis</strong></span> 
     </span>
     <span class='ocr_line' id='line_1_28' title="bbox 145 1782 1283 1835; baseline 0.001 -14"><span class='ocrx_word' id='word_1_174' title='bbox 145 1791 210 1822; x_wconf 64' lang='lat'><strong>435</strong></span> <span class='ocrx_word' id='word_1_175' title='bbox 231 1782 396 1822; x_wconf 77' lang='lat' dir='ltr'><strong>Thracia</strong></span> <span class='ocrx_word' id='word_1_176' title='bbox 415 1814 425 1834; x_wconf 94' lang='lat'><strong>,</strong></span> <span class='ocrx_word' id='word_1_177' title='bbox 457 1782 596 1834; x_wconf 88' lang='lat' dir='ltr'><strong>disque</strong></span> <span class='ocrx_word' id='word_1_178' title='bbox 628 1785 703 1834; x_wconf 92' lang='lat' dir='ltr'><strong>ipsi</strong></span> <span class='ocrx_word' id='word_1_179' title='bbox 734 1789 862 1834; x_wconf 84' lang='lat' dir='ltr'><strong>grates</strong></span> <span class='ocrx_word' id='word_1_180' title='bbox 895 1795 1039 1835; x_wconf 84' lang='lat' dir='ltr'><strong>egere.</strong></span> <span class='ocrx_word' id='word_1_181' title='bbox 1078 1783 1283 1835; x_wconf 86' lang='lat' dir='ltr'><strong>diemque,</strong></span> 
     </span>
     <span class='ocr_line' id='line_1_29' title="bbox 232 1840 1310 1894; baseline 0.001 -15"><span class='ocrx_word' id='word_1_182' title='bbox 232 1841 394 1892; x_wconf 87' lang='lat' dir='ltr'><strong>Quaque</strong></span> <span class='ocrx_word' id='word_1_183' title='bbox 427 1840 513 1880; x_wconf 88' lang='lat' dir='ltr'><strong>data</strong></span> <span class='ocrx_word' id='word_1_184' title='bbox 546 1847 606 1880; x_wconf 88' lang='lat' dir='ltr'><strong>est</strong></span> <span class='ocrx_word' id='word_1_185' title='bbox 637 1840 740 1880; x_wconf 90' lang='lat' dir='ltr'><strong>claro</strong></span> <span class='ocrx_word' id='word_1_186' title='bbox 773 1841 971 1880; x_wconf 90' lang='lat' dir='ltr'><strong>Pandione</strong></span> <span class='ocrx_word' id='word_1_187' title='bbox 1003 1847 1091 1881; x_wconf 88' lang='lat' dir='ltr'><strong>nata</strong></span> <span class='ocrx_word' id='word_1_188' title='bbox 1123 1847 1310 1894; x_wconf 82' lang='lat' dir='ltr'><strong>tyranne,</strong></span> 
     </span>
     <span class='ocr_line' id='line_1_30' title="bbox 232 1899 1332 1952; baseline 0.001 -13"><span class='ocrx_word' id='word_1_189' title='bbox 232 1900 394 1951; x_wconf 86' lang='lat' dir='ltr'><strong>Quaque</strong></span> <span class='ocrx_word' id='word_1_190' title='bbox 427 1903 511 1938; x_wconf 78' lang='lat' dir='ltr'><strong>erat</strong></span> <span class='ocrx_word' id='word_1_191' title='bbox 542 1905 652 1938; x_wconf 82' lang='lat' dir='ltr'><strong>ortus</strong></span> <span class='ocrx_word' id='word_1_192' title='bbox 684 1899 791 1952; x_wconf 87' lang='lat' dir='ltr'><strong>Itys,</strong></span> <span class='ocrx_word' id='word_1_193' title='bbox 824 1901 967 1939; x_wconf 77' lang='lat' dir='ltr'><strong>festum</strong></span> <span class='ocrx_word' id='word_1_194' title='bbox 1000 1902 1150 1939; x_wconf 87' lang='lat' dir='ltr'><strong>iussere</strong></span> <span class='ocrx_word' id='word_1_195' title='bbox 1181 1903 1332 1940; x_wconf 87' lang='lat' dir='ltr'><strong>vocari.</strong></span> 
     </span>
     <span class='ocr_line' id='line_1_31' title="bbox 231 1957 1288 2010; baseline 0 -13"><span class='ocrx_word' id='word_1_196' title='bbox 231 1958 363 2009; x_wconf 91' lang='lat' dir='ltr'><strong>Usque</strong></span> <span class='ocrx_word' id='word_1_197' title='bbox 395 1957 490 1997; x_wconf 88' lang='lat' dir='ltr'><strong>adeo</strong></span> <span class='ocrx_word' id='word_1_198' title='bbox 523 1958 616 1997; x_wconf 86' lang='lat' dir='ltr'><strong>latet</strong></span> <span class='ocrx_word' id='word_1_199' title='bbox 647 1957 820 1997; x_wconf 86' lang='lat' dir='ltr'><strong>utilitas.</strong></span> <span class='ocrx_word' id='word_1_200' title='bbox 859 1959 934 1997; x_wconf 82' lang='lat' dir='ltr'><strong>iam</strong></span> <span class='ocrx_word' id='word_1_201' title='bbox 966 1963 1142 2010; x_wconf 87' lang='lat' dir='ltr'><strong>tempora</strong></span> <span class='ocrx_word' id='word_1_202' title='bbox 1173 1958 1288 1998; x_wconf 85' lang='lat' dir='ltr'><strong>Titan</strong></span> 
     </span>
     <span class='ocr_line' id='line_1_32' title="bbox 232 2017 1282 2068; baseline 0.002 -13"><span class='ocrx_word' id='word_1_203' title='bbox 232 2017 412 2067; x_wconf 89' lang='lat' dir='ltr'><strong>Quinque</strong></span> <span class='ocrx_word' id='word_1_204' title='bbox 444 2029 515 2068; x_wconf 84' lang='lat' dir='ltr'><strong>per</strong></span> <span class='ocrx_word' id='word_1_205' title='bbox 547 2022 754 2056; x_wconf 89' lang='lat' dir='ltr'><strong>autumnos</strong></span> <span class='ocrx_word' id='word_1_206' title='bbox 786 2018 943 2068; x_wconf 90' lang='lat' dir='ltr'><strong>repetiti</strong></span> <span class='ocrx_word' id='word_1_207' title='bbox 974 2017 1139 2056; x_wconf 85' lang='lat' dir='ltr'><strong>duxerat</strong></span> <span class='ocrx_word' id='word_1_208' title='bbox 1169 2018 1282 2057; x_wconf 87' lang='lat' dir='ltr'><strong>anni:</strong></span> 
     </span>
     <span class='ocr_line' id='line_1_33' title="bbox 143 2072 1208 2126; baseline 0 -12"><span class='ocrx_word' id='word_1_209' title='bbox 143 2083 211 2115; x_wconf 77' lang='lat'><strong>440</strong></span> <span class='ocrx_word' id='word_1_210' title='bbox 232 2075 329 2114; x_wconf 91' lang='lat' dir='ltr'><strong>Cum</strong></span> <span class='ocrx_word' id='word_1_211' title='bbox 361 2074 532 2114; x_wconf 86' lang='lat' dir='ltr'><strong>blandita</strong></span> <span class='ocrx_word' id='word_1_212' title='bbox 562 2076 644 2114; x_wconf 91' lang='lat' dir='ltr'><strong>viro</strong></span> <span class='ocrx_word' id='word_1_213' title='bbox 676 2074 830 2126; x_wconf 83' lang='lat' dir='ltr'><strong>Progne</strong></span> <span class='ocrx_word' id='word_1_214' title='bbox 863 2072 911 2114; x_wconf 74' lang='lat' dir='ltr'><strong>‘si</strong></span> <span class='ocrx_word' id='word_1_215' title='bbox 941 2072 1079 2125; x_wconf 84' lang='lat' dir='ltr'><strong>gratia’</strong></span> <span class='ocrx_word' id='word_1_216' title='bbox 1111 2075 1208 2114; x_wconf 84' lang='lat' dir='ltr'><strong>dixit</strong></span> 
     </span>
     <span class='ocr_line' id='line_1_34' title="bbox 231 2131 1312 2186; baseline 0.001 -14"><span class='ocrx_word' id='word_1_217' title='bbox 231 2131 330 2172; x_wconf 76' lang='lat' dir='ltr'><strong>‘Ulla</strong></span> <span class='ocrx_word' id='word_1_218' title='bbox 361 2145 446 2172; x_wconf 88' lang='lat' dir='ltr'><strong>mea</strong></span> <span class='ocrx_word' id='word_1_219' title='bbox 484 2139 572 2186; x_wconf 90' lang='lat' dir='ltr'><strong>est,</strong></span> <span class='ocrx_word' id='word_1_220' title='bbox 604 2132 664 2172; x_wconf 88' lang='lat' dir='ltr'><strong>vel</strong></span> <span class='ocrx_word' id='word_1_221' title='bbox 695 2145 756 2172; x_wconf 88' lang='lat' dir='ltr'><strong>me</strong></span> <span class='ocrx_word' id='word_1_222' title='bbox 788 2133 986 2172; x_wconf 85' lang='lat' dir='ltr'><strong>visendam</strong></span> <span class='ocrx_word' id='word_1_223' title='bbox 1019 2135 1129 2173; x_wconf 89' lang='lat' dir='ltr'><strong>mitte</strong></span> <span class='ocrx_word' id='word_1_224' title='bbox 1162 2136 1312 2186; x_wconf 90' lang='lat' dir='ltr'><strong>sorori,</strong></span> 
     </span>
     <span class='ocr_line' id='line_1_35' title="bbox 232 2191 1344 2244; baseline 0.002 -15"><span class='ocrx_word' id='word_1_225' title='bbox 232 2191 298 2230; x_wconf 91' lang='lat' dir='ltr'><strong>Vel</strong></span> <span class='ocrx_word' id='word_1_226' title='bbox 330 2203 443 2230; x_wconf 90' lang='lat' dir='ltr'><strong>soror</strong></span> <span class='ocrx_word' id='word_1_227' title='bbox 474 2191 552 2231; x_wconf 92' lang='lat' dir='ltr'><strong>huc</strong></span> <span class='ocrx_word' id='word_1_228' title='bbox 584 2193 742 2231; x_wconf 84' lang='lat' dir='ltr'><strong>veniat:</strong></span> <span class='ocrx_word' id='word_1_229' title='bbox 773 2191 987 2231; x_wconf 86' lang='lat' dir='ltr'><strong>redituram</strong></span> <span class='ocrx_word' id='word_1_230' title='bbox 1020 2197 1196 2244; x_wconf 87' lang='lat' dir='ltr'><strong>tempore</strong></span> <span class='ocrx_word' id='word_1_231' title='bbox 1227 2205 1344 2244; x_wconf 86' lang='lat' dir='ltr'><strong>parvo</strong></span> 
     </span>
     <span class='ocr_line' id='line_1_36' title="bbox 233 2250 1286 2301; baseline 0.002 -13"><span class='ocrx_word' id='word_1_232' title='bbox 233 2250 443 2289; x_wconf 83' lang='lat' dir='ltr'><strong>Promittes</strong></span> <span class='ocrx_word' id='word_1_233' title='bbox 475 2262 638 2289; x_wconf 86' lang='lat' dir='ltr'><strong>socero:</strong></span> <span class='ocrx_word' id='word_1_234' title='bbox 670 2252 799 2301; x_wconf 88' lang='lat' dir='ltr'><strong>magni</strong></span> <span class='ocrx_word' id='word_1_235' title='bbox 831 2250 925 2289; x_wconf 89' lang='lat' dir='ltr'><strong>mihi</strong></span> <span class='ocrx_word' id='word_1_236' title='bbox 958 2252 1131 2290; x_wconf 91' lang='lat' dir='ltr'><strong>muneris</strong></span> <span class='ocrx_word' id='word_1_237' title='bbox 1163 2252 1286 2290; x_wconf 85' lang='lat' dir='ltr'><strong>instar</strong></span> 
     </span>
     <span class='ocr_line' id='line_1_37' title="bbox 231 2305 1240 2348; baseline 0.001 -2"><span class='ocrx_word' id='word_1_238' title='bbox 231 2307 462 2347; x_wconf 89' lang='lat' dir='ltr'><strong>Germanam</strong></span> <span class='ocrx_word' id='word_1_239' title='bbox 495 2308 637 2347; x_wconf 89' lang='lat' dir='ltr'><strong>vidisse</strong></span> <span class='ocrx_word' id='word_1_240' title='bbox 671 2305 820 2347; x_wconf 68' lang='lat' dir='ltr'><strong>dahis?</strong></span> <span class='ocrx_word' id='word_1_241' title='bbox 851 2307 962 2347; x_wconf 89' lang='lat' dir='ltr'><strong>iubet</strong></span> <span class='ocrx_word' id='word_1_242' title='bbox 993 2308 1057 2347; x_wconf 88' lang='lat' dir='ltr'><strong>ille</strong></span> <span class='ocrx_word' id='word_1_243' title='bbox 1089 2310 1240 2348; x_wconf 87' lang='lat' dir='ltr'><strong>carinas</strong></span> 
     </span>
     <span class='ocr_line' id='line_1_38' title="bbox 144 2365 1223 2421; baseline 0.002 -16"><span class='ocrx_word' id='word_1_244' title='bbox 144 2365 275 2405; x_wconf 72' lang='grc'>445111</span> <span class='ocrx_word' id='word_1_245' title='bbox 307 2367 406 2405; x_wconf 85' lang='lat' dir='ltr'><strong>freta</strong></span> <span class='ocrx_word' id='word_1_246' title='bbox 439 2366 609 2419; x_wconf 84' lang='lat' dir='ltr'><strong>deduci,</strong></span> <span class='ocrx_word' id='word_1_247' title='bbox 641 2366 804 2421; x_wconf 85' lang='lat' dir='ltr'><strong>veloque</strong></span> <span class='ocrx_word' id='word_1_248' title='bbox 836 2372 876 2406; x_wconf 92' lang='lat' dir='ltr'><strong>et</strong></span> <span class='ocrx_word' id='word_1_249' title='bbox 907 2368 1052 2420; x_wconf 85' lang='lat' dir='ltr'><strong>remige</strong></span> <span class='ocrx_word' id='word_1_250' title='bbox 1084 2373 1223 2420; x_wconf 90' lang='lat' dir='ltr'><strong>portus</strong></span> 
     </span>
    </p>
   </div>
  </div>
 </body>
</html>
