1554 2563
149 92 207 133 94
380 103 528 126 ennecus
704 89 920 126 METAMM
934 117 942 126 .

267 201 433 241 Dicere.
473 201 532 240 bis
565 206 722 241 centum
755 201 955 240 restabant
987 213 1153 253 corpora
1185 214 1362 254 pugnae,

267 261 447 312 Gorgone
480 260 540 299 bis
572 266 730 299 centum
762 262 970 311 riguerunt
1001 272 1166 311 corpora
1198 262 1300 300 visa.

180 328 246 359 210
266 320 445 358 Paenitet
475 319 611 358 iniusti
643 325 738 358 tunc
769 319 938 370 denique
970 318 1116 358 Phinea
1147 318 1261 358 belli.

267 378 344 416 Sed
376 377 469 428 quid
501 375 628 429 agat?
659 377 867 417 simulacra
898 376 1003 416 videt
1034 377 1187 417 diversa
1219 378 1379 431 figuris,

267 437 531 487 Agnoscitque
564 448 685 489 suos,
717 442 756 475 et
787 437 944 476 nomine
977 448 1173 487 quemque
1205 443 1384 476 vocatum

266 495 399 534 Poscit
429 507 542 547 opem
561 526 572 547 ‚
605 494 849 546 credensque
870 507 1007 546 parum
1027 527 1038 547 ,
1070 494 1143 534 sibi
1173 497 1347 547 proxima
1368 497 1491 547 tangit

267 554 464 605 Corpora:
484 565 655 593 marmor
683 560 795 593 erant
813 584 822 593 .
861 555 1051 592 avertitur
1069 585 1080 606 ,
1112 558 1228 604 atque
1254 555 1307 593 ita
1327 554 1489 606 supplex

178 620 244 652 215
266 613 553 664 Confessasque
585 624 723 651 manus
756 611 991 663 obliquaque
1023 611 1204 652 bracchia
1236 613 1402 652 tendens

267 669 412 710 ‘Vincis
431 668 458 724 ,³
490 674 543 710 ait
575 668 768 711 ‘Perseu2
800 683 956 710 remove
988 676 1055 710 tua
1086 677 1290 724 monstra,
1322 678 1490 724 tuaeque

267 730 454 769 Saxificos
486 729 646 782 vultus,
678 742 950 781 quaecumque
982 741 1056 783 ea,
1090 730 1181 769 tolle
1213 729 1420 771 Medusae:

265 789 372 827 Tolle
393 821 403 841 ,
434 800 577 841 precor
596 820 605 828 .
644 801 722 827 non
754 801 826 827 nos
858 789 991 828 odium
1024 790 1215 840 regnique
1248 789 1389 841 cupido

265 847 462 899 Compulit
493 847 538 885 ad
570 847 745 887 bellum:
776 859 849 899 pro
881 849 1047 899 coniuge
1078 848 1269 887 movimus
1302 860 1430 887 arma.

178 915 244 946 220
267 906 389 945 Causa
417 907 491 945 fuit
523 907 673 945 meritis
706 906 844 945 melior
876 912 973 959 tua,
1004 912 1182 958 tempore
1214 912 1370 946 nostra.

265 965 350 1004 Non
383 967 547 1003 cessisse
580 967 715 1016 piget.
747 965 872 1016 nihil,
904 977 926 1003 o
959 965 1171 1004 fortissime
1191 997 1202 1018 ,
1233 971 1389 1017 praeter

265 1023 372 1063 Hanc
405 1025 570 1062 animam
605 1023 775 1062 concede
808 1024 932 1063 mihi:
964 1030 1030 1063 tua
1063 1029 1194 1063 cetera
1225 1030 1342 1063 sunto
1358 1020 1382 1062 .'

264 1082 370 1121 Talia
404 1082 548 1122 dicenti
581 1095 708 1134 neque
742 1095 831 1122 eum
851 1114 862 1134 ‚
894 1094 1010 1133 quem
1042 1094 1136 1121 voce
1169 1082 1353 1135 rogabat,

265 1141 475 1192 Respicere
509 1141 668 1180 audenti
701 1138 819 1192 ‘quod
839 1138 866 1193 ‚’
898 1143 951 1180 ait
983 1138 1244 1180 ‘timidissime
1277 1141 1452 1194 Phineu,

188 1207 242 1239 <25
264 1199 315 1238 Et
344 1212 505 1251 possum
537 1199 723 1238 tribuisse
756 1206 796 1238 et
827 1212 1010 1251 magnum
1041 1206 1102 1238 est
1132 1212 1275 1239 munus
1307 1201 1447 1253 inerti,

262 1258 369 1297 Pone
401 1265 548 1297 metum
568 1290 578 1310 ,
611 1258 780 1297 tribuam
800 1290 808 1298 .
847 1258 952 1297 nullo
985 1258 1178 1297 violabere
1212 1259 1339 1298 ferro.

264 1317 367 1363 Quin
400 1319 514 1356 etiam
549 1329 731 1355 mansura
763 1316 862 1356 dabo
895 1318 1133 1356 monim-enta
1165 1329 1237 1369 per
1268 1329 1428 1369 aevum3

263 1375 385 1427 Inque
418 1375 533 1414 domo
566 1377 693 1415 soceri
724 1388 880 1427 semper
911 1375 1140 1427 spectabere
1173 1378 1322 1429 nostri,

262 1434 314 1474 Ut
344 1446 430 1473 mea
462 1446 503 1473 se
536 1436 671 1486 sponsi
703 1434 853 1474 soletur
883 1435 1050 1486 imagine
1083 1436 1252 1473 coniunx
1267 1431 1291 1474 .’

175 1501 241 1532 230
263 1492 396 1545 Dixit,
428 1499 468 1532 et
498 1494 538 1532 in
570 1498 722 1544 partem
753 1492 997 1544 Phorcynida
1029 1493 1229 1532 transtulit
1259 1493 1387 1545 illam,

262 1551 319 1590 Ad
352 1563 469 1603 quam
500 1563 543 1590 se
574 1551 727 1603 trepido
759 1551 932 1591 Phineus
964 1550 1187 1591 obverterat
1216 1564 1308 1591 ore.

261 1610 362 1649 Tum
395 1622 550 1661 quoque
584 1611 739 1649 conanti
772 1622 840 1649 sua
873 1615 1027 1649 vertere
1059 1610 1204 1650 lumina
1237 1612 1364 1650 cervix

262 1668 439 1720 Deriguit
456 1700 468 1721 ,
499 1680 671 1720 saxoque
703 1668 908 1708 oculorum
939 1668 1118 1708 induruit
1148 1681 1283 1708 umor.

262 1727 339 1766 Sed
371 1733 500 1766 tamen
532 1739 576 1766 os
608 1727 788 1766 timidum
808 1727 1017 1778 vultusque
1037 1728 1077 1766 in
1098 1739 1291 1766 marmore
1321 1728 1483 1780 supplex

174 1794 239 1825 235
261 1786 579 1836 Summissaeque
612 1798 749 1825 manus
782 1786 979 1837 faciesque
1011 1785 1176 1825 obnoxia
1207 1788 1372 1825 mansit.

319 1843 452 1883 Victor
483 1844 717 1884 Abantiades
749 1846 897 1896 patrios
929 1857 1019 1883 cum
1052 1846 1218 1896 coniuge
1251 1857 1384 1883 muros

261 1903 412 1955 Intrat,
444 1909 484 1942 et
514 1903 687 1942 inmeriti
718 1902 859 1942 vindex
891 1902 1073 1954 ultorque
1105 1905 1278 1954 parentis

259 1961 495 2013 Aggreditur
526 1960 741 2001 Proetum:
773 1973 861 2000 nam
893 1961 1013 2000 fratre
1046 1974 1116 2013 per
1148 1973 1251 2000 arma
1286 1963 1415 2013 fugato

259 2020 505 2059 Acrisioneas
537 2019 704 2060 Proetus
736 2019 973 2071 possederat.
997 2032 1130 2059 arceS.

171 2086 239 2118 240
261 2078 338 2117 Sed
358 2090 432 2117 nec
452 2090 524 2129 ope
545 2090 744 2117 armorum
763 2109 774 2130 ,
805 2090 878 2117 nec
896 2110 908 2131 ,
940 2090 1055 2129 quam
1077 2078 1173 2117 male
1194 2085 1373 2131 ceperat,
1395 2091 1483 2118 arce

257 2136 383 2175 Torva
415 2136 643 2176 colubriferi
673 2138 872 2188 superavit
901 2136 1047 2176 lumina
1078 2139 1266 2177 monstri.
1388 2146 1416 2173 r.
1434 2145 1481 2174 iv.

316 2194 373 2233 Te
411 2200 539 2234 tamen
558 2226 570 2247 ,
601 2207 623 2234 o
661 2207 801 2246 parvae
839 2201 1000 2247 rector,
1031 2194 1241 2246 Polydecta
1259 2227 1270 2248 ,
1303 2195 1483 2249 Seriphi,

257 2252 337 2292 Nec
369 2254 521 2292 iuvenis
554 2254 678 2292 virtus
709 2265 780 2305 per
812 2259 871 2292 tot
902 2259 1074 2305 spectata
1106 2253 1262 2293 labores

256 2311 338 2350 Nec
370 2311 467 2350 mala
500 2311 748 2351 mollierant.
788 2311 855 2351 sed
887 2311 1126 2351 inexorabile
1160 2312 1281 2351 durus
