1554 2563
1293 112 1373 146 xm

37 227 305 277 effugiendum
331 227 394 265 vel
421 226 578 265 obelum
603 227 666 265 vel
692 226 950 264 dubitationis
979 237 1168 275 angorem
1195 223 1376 272 reddere3

38 288 131 324 sunt
171 288 306 324 tamen
350 298 633 334 saepenumero
678 286 866 334 graviora
910 297 1028 334 quam
1065 285 1135 322 aut
1177 284 1218 320 in
1258 282 1376 320 Hein-

38 345 159 382 sianis
197 344 372 393 repperi,
410 346 495 393 aut,
539 344 571 382 si
603 344 884 392 repperissem,
928 343 977 380 ab
1021 343 1102 380 illis
1140 343 1374 390 accepturus

37 415 157 441 er.am
219 415 266 440 ex
297 403 329 440 E
364 403 489 468 igitur
519 403 594 440 hoc
623 402 726 440 libio
759 402 880 440 ascivi
912 413 1011 450 quae
1044 401 1231 439 differunt
1262 411 1286 437 a
1317 399 1375 436 M.

38 462 121 500 463
161 457 220 513 (M
245 461 348 510 Ipse,
379 461 458 499 nisi
481 456 618 512 falloi)
657 462 740 498 482
775 456 883 511 (cum
907 455 985 511 LP)
1025 460 1108 498 506
1150 460 1231 497 567
1265 458 1377 496 varia

39 531 111 558 scr.
144 519 232 557 adn.
272 521 355 558 597
389 520 498 558 delon
536 520 617 558 631
653 513 820 571 (pectore
849 513 910 570 M)
950 518 1031 556 695
1075 519 1155 555 713
1198 517 1292 555 728.

155 633 261 675 LIB.
292 633 354 674 IV
392 651 428 676 v.
460 634 516 675 46
554 645 778 676 MOTASSE.
827 637 886 675 ita
923 648 994 686 pro
1032 638 1199 674 mutasse
1237 633 1377 682 scripsi

37 707 82 734 ac
127 696 399 744 probaverunt
443 697 680 734 tantumnon
724 708 870 734 omnes.
932 694 1158 743 corruptela
1200 705 1278 730 non
1323 692 1378 729 in-

37 754 239 804 frequens:
272 763 359 793 XIII
381 756 462 793 937
496 758 641 793 ‘motare
672 756 772 793 latus
797 754 920 792 habet
946 753 990 803 E,
1022 755 1214 802 perpetuo
1242 751 1379 789 eadem

38 813 244 851 confundit
287 812 459 851 Charisii
501 813 633 852 codex.
694 826 770 852 vox
820 815 882 851 est
924 811 1176 861 Vergiliana,
1224 809 1380 847 reddita

38 871 246 921 Propertio
278 880 332 910 111
355 874 405 910 19
441 873 538 910 extr.
564 872 613 910 ab
640 871 831 922 Hauptio,
861 872 971 921 puto,
1003 882 1104 908 anno
1130 870 1223 918 post
1246 879 1380 917 proec-

38 931 152 969 dosin
187 943 327 969 meam.
365 931 533 968 maxime
572 943 614 968 se
655 930 835 968 tuebitur
876 930 980 979 loco,
1025 940 1142 978 quem
1186 927 1380 976 expressit

39 989 216 1038 Ovidius,
244 988 494 1039 Cypriorum,
520 989 625 1038 apud
651 988 797 1027 Athen.
822 1001 859 1037 p.
875 989 959 1026 334
972 988 1013 1024 d:
1045 984 1113 1025 καὶ
1140 984 1309 1033 Νέμεα(
1328 1006 1377 1010 -

38 1044 149 1095 ἰχθύϊ
180 1044 376 1095 εἰδομένη
409 1044 572 1086 πόντον
604 1045 741 1086 πολὺν
773 1043 1036 1094 ἐξορόθυνεν.
1157 1042 1213 1083 48
1245 1051 1379 1082 ALBIS

39 1115 87 1144 IN
120 1114 350 1145 TURmBUs
383 1114 557 1145 EGERIT
590 1113 755 1144 ANNOS.
787 1107 846 1144 ita
876 1106 928 1142 M.
980 1104 1200 1143 Columella
1228 1105 1316 1142 'vm
1337 1104 1379 1140 8:

39 1168 137 1204 totus
168 1169 294 1204 autem
325 1166 428 1204 locus
459 1169 492 1203 et
521 1167 629 1213 ipsae
660 1166 923 1204 columbarum
954 1164 1068 1202 cellae
1098 1163 1220 1210 poliri
1251 1163 1381 1200 debent

39 1225 124 1262 albo
161 1226 331 1268 tectorio,
369 1226 551 1272 quoniam
589 1235 629 1262 eo
666 1224 786 1262 colore
821 1224 1032 1271 praecipue
1074 1222 1279 1259 delectatur
1315 1221 1382 1258 lzoc

36 1294 156 1330 qemcs
181 1285 322 1321 avium.
443 1279 499 1320 90
530 1290 626 1321 Lux
658 1290 815 1320 TARDE
847 1288 1113 1320 msanERE
1145 1287 1251 1318 v1SA
1282 1286 1381 1317 EST.

39 1349 124 1380 EST
152 1341 286 1379 addidi
306 1354 351 1379 ex
371 1341 423 1379 M.
466 1341 643 1380 deletum
668 1353 754 1379 esse
774 1340 933 1379 videtur
959 1340 1008 1378 ab
1035 1338 1186 1377 artifice
1212 1337 1380 1387 proximi

39 1412 195 1438 versus:
240 1400 309 1438 sed
347 1412 436 1438 cum
473 1412 542 1438 eae
578 1399 907 1448 interpolationes
945 1410 970 1436 a
1006 1397 1219 1447 posteriori
1261 1409 1381 1434 manu

38 1459 80 1496 in
117 1459 379 1508 archetypum
416 1459 560 1497 codicis
598 1459 638 1495 M
675 1459 814 1496 illatae
852 1459 1004 1506 essent,
1048 1456 1166 1494 huius
1211 1455 1382 1493 scribam

39 1518 204 1556 haerere
234 1518 435 1555 interdum
466 1518 630 1554 dubium
661 1514 765 1554 inter
790 1529 930 1554 verum
961 1518 1001 1553 et
1026 1515 1209 1552 fraudem
1234 1513 1380 1559 videas,

39 1575 99 1614 uti
138 1588 259 1625 supra
290 1584 342 1613 III
366 1578 445 1613 641
481 1575 768 1624 demonstravi,
805 1574 909 1612 infra
943 1575 1024 1611 769
1065 1574 1281 1622 attingam,
1320 1571 1381 1610 cui

38 1635 124 1673 loco
152 1632 378 1672 simillimus
404 1636 466 1672 est
496 1642 581 1672 VIII
605 1635 700 1672 656.
750 1633 869 1671 etiam
902 1640 987 1670 VIII
1009 1633 1062 1670 86
1097 1632 1150 1670 87
1186 1631 1234 1669 de
1259 1630 1381 1670 versi-

40 1693 113 1731 bus
146 1695 186 1731 et
218 1701 266 1731 XI
291 1694 369 1731 181
406 1693 453 1731 de
486 1693 693 1741 scripturis
725 1691 968 1730 inconstanti
998 1690 1144 1728 iudicio
1176 1702 1306 1739 usum,
1337 1700 1382 1727 ac

39 1759 120 1790 XIV
143 1753 225 1789 383
265 1753 306 1790 et
345 1752 427 1790 722
465 1751 584 1800 plane
620 1751 680 1789 uti
717 1751 790 1788 hoc
827 1751 912 1788 loco
951 1761 975 1788 a
1011 1751 1147 1788 vetere
1184 1749 1382 1797 scriptura

41 1810 90 1859 ad
114 1810 461 1859 interpolationem
484 1810 705 1859 perrexisse
737 1808 957 1857 apparebit.
1006 1808 1109 1846 cir0a
1133 1807 1380 1856 Babylonem

40 1871 200 1917 praeter
236 1869 486 1918 Euphraten,
530 1869 598 1917 qui
634 1868 806 1906 mediam
844 1879 867 1905 a
905 1867 1173 1916 septentrione
1211 1865 1382 1914 perfluit,

40 1927 204 1975 paludes
236 1928 520 1966 commemorat
550 1927 749 1965 Diodorus
781 1934 815 1963 11
838 1927 860 1963 7
896 1926 1011 1974 extr.3
1043 1925 1196 1962 Plinius
1228 1933 1276 1962 IX
1299 1925 1380 1962 175

39 1985 254 2034 Babylonis
288 1988 419 2035 rz'yua,
458 1986 616 2024 diversa
655 1997 702 2023 ea
733 1985 917 2023 fortassis
950 1996 974 2022 a
1009 1985 1132 2031 riyzcis
1162 1984 1204 2020 et
1226 1983 1382 2031 paludi-

39 2045 121 2107 bus
147 2056 244 2094 quas
271 2044 368 2082 dicit
393 2053 423 2082 V
445 2046 500 2083 90
532 2046 573 2082 et
598 2052 646 2081 VI
670 2045 763 2090 124,
797 2042 940 2080 Strabo
966 2043 1123 2091 p.741,
1153 2043 1218 2079 12.
1257 2053 1382 2091 aquae

40 2073 260 2152 continuae,
286 2103 422 2151 quales
449 2116 486 2141 v.
509 2104 559 2141 91
594 2102 768 2140 indicare
793 2101 964 2150 videtui,
995 2100 1129 2137 nullae
1156 2102 1259 2149 sunt,
1285 2100 1381 2137 urbs

40 2157 87 2199 ἐν
118 2157 252 2211 πεδίῳ
297 2161 484 2199 Straboni
520 2174 557 2209 p.
592 2162 688 2199 738.
749 2172 888 2198 versus
932 2158 1132 2208 edolatus,
1175 2161 1291 2208 puto,
1332 2158 1381 2196 ab

40 2219 305 2258 ecclesiastico
336 2220 495 2258 homine
527 2219 744 2257 secundum
774 2217 937 2266 Apocal.
961 2225 1073 2267 XVII,
1104 2218 1238 2255 sedens
1268 2228 1382 2264 super

39 2289 163 2325 aquas
198 2278 360 2324 multas;
404 2278 495 2316 colei
532 2277 596 2315 che
630 2278 731 2316 siede
767 2288 884 2324 sopra
920 2276 1079 2323 l’acque,
1117 2276 1270 2314 Dantes
1306 2275 1381 2312 Inf.

32 2343 137 2385 ΧΙΧς
187 2337 258 2374 aut
298 2336 438 2374 Ierem.
477 2343 525 2373 LI
554 2336 605 2373 12
650 2332 751 2373 τοὺς
794 2333 1094 2373 κατοικοῦντας
1136 2332 1380 2382 Βαβυλῶνα,
