1554 2563
574 98 682 144 VHI‚
708 102 914 134 576—661.
945 110 1141 132 PHILEMON.
1168 109 1290 132 mancus
1331 95 1410 137 167

192 211 279 262 lpse
310 210 441 249 locum
472 208 580 262 vidi3
611 221 701 248 nam
731 220 793 248 me
825 207 1007 259 Pelopeia
1038 206 1218 246 Pittheus

192 270 296 308 Misit
327 270 367 308 in
398 280 488 307 arva
506 299 518 318 ,
549 280 620 307 suo
653 266 849 318 quondam
880 271 1042 317 regnata
1072 265 1249 317 parenti.

192 327 303 367 Haud
323 326 462 379 procul
481 326 572 366 hinc
604 331 784 377 stagnum
805 330 864 364 est
882 357 893 376 ,
924 324 1040 364 tellus
1059 322 1281 363 habitabilis
1300 322 1411 374 olim,

106 396 172 427 625
193 387 306 426 Nunc
338 385 515 425 celebres
545 386 690 436 mergis
722 383 930 435 fulicisque
962 382 1204 435 palustribus
1235 381 1384 421 undae.

192 446 369 497 Iuppiter
399 444 478 483 huc
509 445 639 495 specie
672 442 856 494 mortali,
888 454 1056 493 cumque
1088 446 1250 493 parente

193 503 307 543 Venit
336 503 574 542 Atlantiades
605 503 743 553 positis
775 501 974 540 caducifer
1006 500 1098 539 alis.

193 562 295 602 Mille
328 562 463 601 domos
495 561 625 600 adiere
645 592 656 613 ,
687 561 817 599 locum
848 561 1105 611 requiemque
1135 564 1341 611 petentes:

192 621 294 660 Mille
327 621 463 660 domos
495 620 672 659 clausere
704 631 845 658 serae.
884 624 1014 657 tamen
1046 629 1123 657 una
1154 618 1327 668 recepit,

105 689 172 720 630
192 680 315 718 Parva
346 679 505 730 quidem
523 710 534 731 ,
566 677 721 730 stipulis
753 683 794 717 et
824 689 947 716 canna
977 682 1081 716 tecta
1112 675 1299 727 palustri:

193 738 270 777 Sed
301 739 364 789 pia
395 737 535 776 Baucis
567 749 665 776 anus
695 736 887 788 parilique
920 741 1045 775 aetate
1076 734 1279 773 Philemon

192 797 259 836 Illa
292 802 385 836 sunt
415 797 527 835 annis
558 797 684 834 iuncti
714 794 958 834 iuvenalibus
977 826 988 846 ,
1018 793 1082 833 illa

193 855 446 894 Consenuere
478 866 596 906 casa3
626 860 976 905 paupertatemque
1008 852 1164 892 fatendo

192 914 370 953 Effecere
401 913 526 952 levem
558 925 632 952 nec
663 914 796 963 iniqua
827 917 958 951 mente
991 910 1177 950 ferendo.

106 982 173 1013 635
193 973 275 1012 Nec
306 973 459 1025 refert,
491 972 669 1010 dominos
701 971 780 1010 illic
799 1003 809 1023 ,
842 970 1058 1009 famulosne
1091 970 1294 1020 requiras:

192 1031 291 1071 Tota
322 1031 461 1070 domus
494 1030 570 1069 duo
604 1036 723 1081 sunt,
755 1029 858 1068 idem
889 1034 1106 1080 parentque
1138 1027 1375 1077 iubentque.

193 1090 297 1141 Ergo
329 1089 398 1129 ubi
429 1089 634 1128 caelicolae
666 1088 829 1140 placitos
861 1089 1027 1139 tetigere
1057 1091 1244 1138 penateS,

196 1149 493 1199 summissoque
524 1147 692 1186 humiles
724 1148 923 1186 intrarunt
953 1146 1100 1185 vertice
1132 1150 1290 1196 postes,

193 1207 368 1247 Membra
398 1219 519 1246 senex
549 1208 678 1258 posito
708 1207 824 1245 iussit
855 1204 1028 1243 relevare
1062 1203 1197 1256 sedili,

106 1275 175 1306 640
195 1266 281 1312 Quo
313 1266 570 1317 superiniecit
599 1269 751 1304 textum
783 1264 881 1303 rude
913 1262 1048 1302 sedula
1079 1262 1242 1301 Baucis.

195 1324 289 1364 Inde
321 1325 408 1363 foco
441 1323 617 1376 tepidum
649 1325 823 1362 cinerem
854 1322 1016 1361 dimovit
1046 1327 1086 1361 et
1115 1323 1227 1372 ignes

197 1383 370 1423 Suscitat
400 1383 607 1422 hesternos
640 1382 821 1432 foliisque
853 1387 894 1420 et
925 1381 1071 1420 cortice
1105 1381 1209 1418 sicco

195 1442 327 1481 Nutrit
357 1447 398 1480 et
429 1441 476 1480 ad
506 1441 680 1479 flammas
711 1441 838 1478 amma
869 1439 1054 1490 producit
1084 1438 1199 1489 anili,

196 1499 483 1551 Multifidasque
516 1500 621 1538 faces
653 1498 888 1548 ramaliaque
921 1497 1027 1536 arida
1058 1502 1163 1535 tecto

109 1568 176 1600 645
197 1559 345 1599 Detulit
370 1565 409 1598 et
440 1560 610 1610 minuit,
641 1568 840 1608 parvoque
872 1555 1041 1595 admovit
1072 1558 1193 1595 aeno,

198 1618 389 1668 Quodque
423 1629 519 1656 suus
552 1618 722 1656 coniunx
754 1617 866 1666 riguo
899 1614 1110 1665 collegerat
1140 1613 1279 1665 horto,

197 1677 373 1715 Truncat
403 1675 517 1715 holus
550 1674 681 1714 foliis.
714 1675 825 1713 furca
856 1673 956 1712 levat
987 1672 1050 1712 ille
1082 1672 1237 1711 bicorni

199 1734 363 1774 Sordida
395 1740 506 1786 terga
537 1735 619 1773 51115
651 1734 764 1784 nigro
796 1731 1006 1784 pendentia
1037 1732 1170 1783 tigno,

200 1794 442 1844 Servatoque
475 1793 542 1832 diu
573 1797 727 1831 resecat
758 1791 805 1830 de
837 1796 993 1841 tergore
1025 1795 1178 1842 partem

111 1861 179 1893 650
204 1852 394 1904 Exiguam
412 1883 424 1904 ,
455 1857 682 1902 sectamque
714 1850 844 1889 domat
875 1848 1118 1888 serventibus
1149 1847 1286 1887 undis.

197 1911 353 1950 Interea
384 1909 532 1949 medias
564 1909 702 1948 fallunt
733 1907 982 1947 sermonibus
1012 1907 1153 1959 horas,

112 1978 178 2009 655
200 1969 519 2020 Concutiuntque
550 1974 681 2008 torum
712 1967 760 2006 de
786 1966 893 2006 molli
924 1966 1095 2005 ssuminis
1126 1964 1215 2003 ulva

200 2028 418 2080 inpositum
448 2027 550 2066 lecto
569 2057 581 2079 ,
612 2025 760 2078 sponda
791 2024 1035 2077 pedibusque
1067 2023 1248 2074 salignis,

203 2085 384 2126 Vestibus
414 2085 521 2125 hunc
550 2084 680 2124 velant
697 2116 708 2137 ‚
741 2096 837 2135 quas
869 2095 947 2122 non
978 2083 1055 2122 nisi
1086 2088 1263 2133 tempore
1296 2081 1395 2120 sesto

202 2145 388 2184 Sternere
421 2149 687 2184 consuerant:
719 2142 788 2182 sed
828 2148 867 2181 et
897 2141 994 2180 haec
1029 2140 1195 2191 vilisque
1234 2144 1424 2190 vetusque

201 2203 328 2243 Vestis
360 2209 473 2256 erat,
502 2202 604 2242 lecto
636 2213 716 2240 non
746 2199 982 2251 indignanda
1013 2199 1185 2251 salIgno.

114 2271 183 2302 660
202 2261 434 2301 Accubuere
465 2260 557 2301 dei.
594 2272 770 2300 mensam
801 2261 1001 2298 succincta
1032 2264 1284 2309 tremensque

202 2320 319 2360 Ponit
349 2331 447 2359 anus
467 2350 476 2359 .
513 2331 670 2359 mensae
703 2316 770 2357 sed
803 2324 887 2357 erat
917 2329 987 2369 pes
1018 2318 1159 2356 tertius
1190 2317 1327 2368 inpar:
