<?xml version="1.0" encoding="UTF-8"?>
<!DOCTYPE html PUBLIC "-//W3C//DTD XHTML 1.0 Transitional//EN"
    "http://www.w3.org/TR/xhtml1/DTD/xhtml1-transitional.dtd">
<html xmlns="http://www.w3.org/1999/xhtml" xml:lang="en" lang="en">
 <head>
  <title>
</title>
<meta http-equiv="Content-Type" content="text/html;charset=utf-8" />
  <meta name='ocr-system' content='tesseract 3.04.00' />
  <meta name='ocr-capabilities' content='ocr_page ocr_carea ocr_par ocr_line ocrx_word'/>
</head>
<body>
  <div class='ocr_page' id='page_1' title='image "./operaovid02oviduoft_0158.png"; bbox 0 0 1554 2563; ppageno 0'>
   <div class='ocr_carea' id='block_1_1' title="bbox 128 110 913 153">
    <p class='ocr_par' dir='ltr' id='par_1_1' title="bbox 128 110 913 153">
     <span class='ocr_line' id='line_1_1' title="bbox 128 110 913 153; baseline 0.005 -8"><span class='ocrx_word' id='word_1_1' title='bbox 128 110 182 153; x_wconf 85' lang='lat'><strong>88</strong></span> <span class='ocrx_word' id='word_1_2' title='bbox 350 125 497 148; x_wconf 67' lang='lat' dir='ltr'><strong>pensans</strong></span> <span class='ocrx_word' id='word_1_3' title='bbox 678 112 890 148; x_wconf 80' lang='lat' dir='ltr'><strong>METAM&#39;M</strong></span> <span class='ocrx_word' id='word_1_4' title='bbox 905 141 913 149; x_wconf 90' lang='lat'>.</span> 
     </span>
    </p>
   </div>
   <div class='ocr_carea' id='block_1_2' title="bbox 156 221 1462 687">
    <p class='ocr_par' dir='ltr' id='par_1_2' title="bbox 243 221 1257 450">
     <span class='ocr_line' id='line_1_2' title="bbox 245 221 1192 276; baseline 0.004 -16"><span class='ocrx_word' id='word_1_5' title='bbox 245 221 341 261; x_wconf 87' lang='lat' dir='ltr'><strong>llla:</strong></span> <span class='ocrx_word' id='word_1_6' title='bbox 374 233 445 260; x_wconf 90' lang='lat' dir='ltr'><strong>nec</strong></span> <span class='ocrx_word' id='word_1_7' title='bbox 476 222 515 261; x_wconf 94' lang='lat' dir='ltr'><strong>in</strong></span> <span class='ocrx_word' id='word_1_8' title='bbox 548 227 628 261; x_wconf 89' lang='lat' dir='ltr'><strong>tota</strong></span> <span class='ocrx_word' id='word_1_9' title='bbox 659 223 907 274; x_wconf 82' lang='lat' dir='ltr'>conspectior</span> <span class='ocrx_word' id='word_1_10' title='bbox 939 223 1014 262; x_wconf 90' lang='lat' dir='ltr'><strong>ulla</strong></span> <span class='ocrx_word' id='word_1_11' title='bbox 1047 224 1192 276; x_wconf 84' lang='lat' dir='ltr'>capillis</span> 
     </span>
     <span class='ocr_line' id='line_1_3' title="bbox 244 280 1239 332; baseline 0.004 -13"><span class='ocrx_word' id='word_1_12' title='bbox 244 280 338 320; x_wconf 88' lang='lat' dir='ltr'><strong>Pars</strong></span> <span class='ocrx_word' id='word_1_13' title='bbox 371 281 470 319; x_wconf 83' lang='lat' dir='ltr'><strong>suit.</strong></span> <span class='ocrx_word' id='word_1_14' title='bbox 512 280 672 332; x_wconf 88' lang='lat' dir='ltr'><strong>inveni,</strong></span> <span class='ocrx_word' id='word_1_15' title='bbox 705 282 771 332; x_wconf 91' lang='lat' dir='ltr'><strong>qui</strong></span> <span class='ocrx_word' id='word_1_16' title='bbox 802 293 844 320; x_wconf 93' lang='lat' dir='ltr'><strong>se</strong></span> <span class='ocrx_word' id='word_1_17' title='bbox 877 281 1018 321; x_wconf 88' lang='lat' dir='ltr'><strong>vidisse</strong></span> <span class='ocrx_word' id='word_1_18' title='bbox 1050 283 1239 323; x_wconf 76' lang='lat' dir='ltr'><strong>referret.</strong></span> 
     </span>
     <span class='ocr_line' id='line_1_4' title="bbox 243 338 1257 392; baseline 0.005 -15"><span class='ocrx_word' id='word_1_19' title='bbox 243 338 351 378; x_wconf 88' lang='lat' dir='ltr'><strong>Hanc</strong></span> <span class='ocrx_word' id='word_1_20' title='bbox 382 338 508 390; x_wconf 81' lang='lat' dir='ltr'>pelagi</span> <span class='ocrx_word' id='word_1_21' title='bbox 538 344 669 378; x_wconf 87' lang='lat' dir='ltr'><strong>rector</strong></span> <span class='ocrx_word' id='word_1_22' title='bbox 701 339 845 392; x_wconf 90' lang='lat' dir='ltr'><strong>templo</strong></span> <span class='ocrx_word' id='word_1_23' title='bbox 878 341 1032 380; x_wconf 87' lang='lat' dir='ltr'><strong>vitiasse</strong></span> <span class='ocrx_word' id='word_1_24' title='bbox 1065 341 1257 382; x_wconf 87' lang='lat' dir='ltr'><strong>Minervae</strong></span> 
     </span>
     <span class='ocr_line' id='line_1_5' title="bbox 244 397 1246 450; baseline 0.005 -15"><span class='ocrx_word' id='word_1_25' title='bbox 244 397 395 436; x_wconf 90' lang='lat' dir='ltr'><strong>Dicitur</strong></span> <span class='ocrx_word' id='word_1_26' title='bbox 415 428 424 436; x_wconf 95' lang='lat'><strong>.</strong></span> <span class='ocrx_word' id='word_1_27' title='bbox 463 409 596 436; x_wconf 88' lang='lat' dir='ltr'><strong>aversa</strong></span> <span class='ocrx_word' id='word_1_28' title='bbox 629 402 690 436; x_wconf 85' lang='lat' dir='ltr'><strong>est</strong></span> <span class='ocrx_word' id='word_1_29' title='bbox 720 403 760 437; x_wconf 88' lang='lat' dir='ltr'><strong>et</strong></span> <span class='ocrx_word' id='word_1_30' title='bbox 791 404 918 437; x_wconf 89' lang='lat' dir='ltr'><strong>castos</strong></span> <span class='ocrx_word' id='word_1_31' title='bbox 950 399 1084 450; x_wconf 82' lang='lat' dir='ltr'>aegide</span> <span class='ocrx_word' id='word_1_32' title='bbox 1116 400 1246 440; x_wconf 85' lang='lat' dir='ltr'><strong>vultus</strong></span> 
     </span>
    </p>

    <p class='ocr_par' dir='ltr' id='par_1_3' title="bbox 156 455 1462 687">
     <span class='ocr_line' id='line_1_6' title="bbox 156 455 1239 510; baseline 0.003 -14"><span class='ocrx_word' id='word_1_33' title='bbox 156 464 222 496; x_wconf 84' lang='lat'><strong>800</strong></span> <span class='ocrx_word' id='word_1_34' title='bbox 242 456 339 495; x_wconf 89' lang='lat' dir='ltr'><strong>Nata</strong></span> <span class='ocrx_word' id='word_1_35' title='bbox 371 455 471 494; x_wconf 87' lang='lat' dir='ltr'><strong>lovis</strong></span> <span class='ocrx_word' id='word_1_36' title='bbox 504 457 627 496; x_wconf 84' lang='lat' dir='ltr'><strong>texit.</strong></span> <span class='ocrx_word' id='word_1_37' title='bbox 668 468 763 496; x_wconf 86' lang='lat' dir='ltr'><strong>neve</strong></span> <span class='ocrx_word' id='word_1_38' title='bbox 795 457 869 496; x_wconf 91' lang='lat' dir='ltr'><strong>hoc</strong></span> <span class='ocrx_word' id='word_1_39' title='bbox 900 457 1046 509; x_wconf 89' lang='lat' dir='ltr'><strong>inpune</strong></span> <span class='ocrx_word' id='word_1_40' title='bbox 1080 459 1239 510; x_wconf 85' lang='lat' dir='ltr'><strong>fuisset,</strong></span> 
     </span>
     <span class='ocr_line' id='line_1_7' title="bbox 243 514 1462 569; baseline 0.003 -15"><span class='ocrx_word' id='word_1_41' title='bbox 243 514 492 565; x_wconf 83' lang='lat' dir='ltr'><strong>Gorgoneum</strong></span> <span class='ocrx_word' id='word_1_42' title='bbox 523 516 672 554; x_wconf 89' lang='lat' dir='ltr'><strong>crinem</strong></span> <span class='ocrx_word' id='word_1_43' title='bbox 704 520 840 567; x_wconf 81' lang='lat' dir='ltr'><strong>turpes</strong></span> <span class='ocrx_word' id='word_1_44' title='bbox 872 518 1034 556; x_wconf 88' lang='lat' dir='ltr'><strong>mutavit</strong></span> <span class='ocrx_word' id='word_1_45' title='bbox 1065 518 1105 556; x_wconf 91' lang='lat' dir='ltr'><strong>in</strong></span> <span class='ocrx_word' id='word_1_46' title='bbox 1136 516 1303 569; x_wconf 86' lang='lat' dir='ltr'><strong>hydros.</strong></span> <span class='ocrx_word' id='word_1_47' title='bbox 1352 528 1378 553; x_wconf 73' lang='grc' dir='ltr'><strong>ι.</strong></span> <span class='ocrx_word' id='word_1_48' title='bbox 1401 528 1462 555; x_wconf 73' lang='lat' dir='ltr'><strong>uu.</strong></span> 
     </span>
     <span class='ocr_line' id='line_1_8' title="bbox 242 572 1438 626; baseline 0.006 -15"><span class='ocrx_word' id='word_1_49' title='bbox 242 572 355 612; x_wconf 85' lang='lat' dir='ltr'><strong>Nunc</strong></span> <span class='ocrx_word' id='word_1_50' title='bbox 388 584 544 624; x_wconf 91' lang='lat' dir='ltr'><strong>quoque</strong></span> <span class='ocrx_word' id='word_1_51' title='bbox 563 605 574 626; x_wconf 91' lang='lat'>‚</span> <span class='ocrx_word' id='word_1_52' title='bbox 606 580 650 613; x_wconf 90' lang='lat' dir='ltr'><strong>ut</strong></span> <span class='ocrx_word' id='word_1_53' title='bbox 680 576 866 613; x_wconf 87' lang='lat' dir='ltr'><strong>attonitos</strong></span> <span class='ocrx_word' id='word_1_54' title='bbox 900 574 1106 614; x_wconf 86' lang='lat' dir='ltr'><strong>formidine</strong></span> <span class='ocrx_word' id='word_1_55' title='bbox 1140 582 1287 616; x_wconf 88' lang='lat' dir='ltr'><strong>terreat</strong></span> <span class='ocrx_word' id='word_1_56' title='bbox 1305 577 1438 618; x_wconf 89' lang='lat' dir='ltr'><strong>hostes</strong></span> 
     </span>
     <span class='ocr_line' id='line_1_9' title="bbox 241 631 1375 687; baseline 0.004 -16"><span class='ocrx_word' id='word_1_57' title='bbox 241 631 406 671; x_wconf 77' lang='lat' dir='ltr'><strong>Pectore</strong></span> <span class='ocrx_word' id='word_1_58' title='bbox 438 632 477 670; x_wconf 91' lang='lat' dir='ltr'><strong>in</strong></span> <span class='ocrx_word' id='word_1_59' title='bbox 510 631 672 671; x_wconf 88' lang='lat' dir='ltr'><strong>adverso</strong></span> <span class='ocrx_word' id='word_1_60' title='bbox 705 644 803 683; x_wconf 90' lang='lat' dir='ltr'><strong>quos</strong></span> <span class='ocrx_word' id='word_1_61' title='bbox 837 633 957 684; x_wconf 85' lang='lat' dir='ltr'><strong>fecit,</strong></span> <span class='ocrx_word' id='word_1_62' title='bbox 989 635 1158 674; x_wconf 88' lang='lat' dir='ltr'><strong>sustinet</strong></span> <span class='ocrx_word' id='word_1_63' title='bbox 1189 646 1335 687; x_wconf 87' lang='lat' dir='ltr'><strong>angues</strong></span> <span class='ocrx_word' id='word_1_64' title='bbox 1350 633 1375 675; x_wconf 90' lang='lat'><strong>.’</strong></span> 
     </span>
    </p>
   </div>
   <div class='ocr_carea' id='block_1_3' title="bbox 652 747 930 753">
    <p class='ocr_par' dir='ltr' id='par_1_4' title="bbox 652 747 930 753">
     <span class='ocr_line' id='line_1_10' title="bbox 652 747 930 753; baseline 0 0"><span class='ocrx_word' id='word_1_65' title='bbox 652 747 930 753; x_wconf 95' lang='lat' dir='ltr'><strong> </strong></span> 
     </span>
    </p>
   </div>
   <div class='ocr_carea' id='block_1_4' title="bbox 528 826 1046 882">
    <p class='ocr_par' dir='ltr' id='par_1_5' title="bbox 528 826 1046 882">
     <span class='ocr_line' id='line_1_11' title="bbox 528 826 1046 882; baseline 0.004 -2"><span class='ocrx_word' id='word_1_66' title='bbox 528 826 712 880; x_wconf 86' lang='lat' dir='ltr'>LIBER</span> <span class='ocrx_word' id='word_1_67' title='bbox 749 827 1019 882; x_wconf 85' lang='lat' dir='ltr'>QUINTUS</span> <span class='ocrx_word' id='word_1_68' title='bbox 1034 867 1046 882; x_wconf 90' lang='lat'><strong>.</strong></span> 
     </span>
    </p>
   </div>
   <div class='ocr_carea' id='block_1_5' title="bbox 168 922 1460 2383">
    <p class='ocr_par' dir='ltr' id='par_1_6' title="bbox 240 922 1285 1037">
     <span class='ocr_line' id='line_1_12' title="bbox 241 922 1285 976; baseline 0.004 -14"><span class='ocrx_word' id='word_1_69' title='bbox 241 922 418 976; x_wconf 89' lang='lat' dir='ltr'><strong>Dumque</strong></span> <span class='ocrx_word' id='word_1_70' title='bbox 451 936 495 964; x_wconf 90' lang='lat' dir='ltr'><strong>ea</strong></span> <span class='ocrx_word' id='word_1_71' title='bbox 528 924 755 976; x_wconf 89' lang='lat' dir='ltr'><strong>Cephenum</strong></span> <span class='ocrx_word' id='word_1_72' title='bbox 786 926 913 966; x_wconf 90' lang='lat' dir='ltr'><strong>medio</strong></span> <span class='ocrx_word' id='word_1_73' title='bbox 946 926 1137 966; x_wconf 82' lang='lat' dir='ltr'><strong>Danaeius</strong></span> <span class='ocrx_word' id='word_1_74' title='bbox 1168 926 1285 967; x_wconf 90' lang='lat' dir='ltr'><strong>heros</strong></span> 
     </span>
     <span class='ocr_line' id='line_1_13' title="bbox 240 983 1255 1037; baseline 0.003 -16"><span class='ocrx_word' id='word_1_75' title='bbox 240 983 401 1033; x_wconf 80' lang='lat' dir='ltr'><strong>Agmine</strong></span> <span class='ocrx_word' id='word_1_76' title='bbox 434 990 742 1036; x_wconf 88' lang='lat' dir='ltr'><strong>commemorat,</strong></span> <span class='ocrx_word' id='word_1_77' title='bbox 775 985 936 1024; x_wconf 80' lang='lat' dir='ltr'><strong>fremida</strong></span> <span class='ocrx_word' id='word_1_78' title='bbox 968 985 1110 1037; x_wconf 80' lang='lat' dir='ltr'><strong>regalia</strong></span> <span class='ocrx_word' id='word_1_79' title='bbox 1143 985 1255 1025; x_wconf 89' lang='lat' dir='ltr'><strong>turba</strong></span> 
     </span>
    </p>

    <p class='ocr_par' dir='ltr' id='par_1_7' title="bbox 239 1041 1157 1095">
     <span class='ocr_line' id='line_1_14' title="bbox 239 1041 1157 1095; baseline 0.004 -16"><span class='ocrx_word' id='word_1_80' title='bbox 239 1041 347 1080; x_wconf 88' lang='lat' dir='ltr'><strong>Atria</strong></span> <span class='ocrx_word' id='word_1_81' title='bbox 378 1042 652 1094; x_wconf 80' lang='lat' dir='ltr'><strong>complentur.</strong></span> <span class='ocrx_word' id='word_1_82' title='bbox 692 1054 765 1082; x_wconf 92' lang='lat' dir='ltr'><strong>nec</strong></span> <span class='ocrx_word' id='word_1_83' title='bbox 795 1043 1026 1095; x_wconf 82' lang='lat' dir='ltr'><strong>coniugialia</strong></span> <span class='ocrx_word' id='word_1_84' title='bbox 1060 1044 1157 1083; x_wconf 81' lang='lat' dir='ltr'><strong>festa</strong></span> 
     </span>
    </p>

    <p class='ocr_par' dir='ltr' id='par_1_8' title="bbox 241 1099 1460 1154">
     <span class='ocr_line' id='line_1_15' title="bbox 241 1099 1460 1154; baseline 0.004 -16"><span class='ocrx_word' id='word_1_85' title='bbox 241 1099 316 1145; x_wconf 89' lang='lat' dir='ltr'><strong>Qui</strong></span> <span class='ocrx_word' id='word_1_86' title='bbox 347 1106 488 1153; x_wconf 89' lang='lat' dir='ltr'><strong>canat,</strong></span> <span class='ocrx_word' id='word_1_87' title='bbox 520 1107 580 1139; x_wconf 89' lang='lat' dir='ltr'><strong>est</strong></span> <span class='ocrx_word' id='word_1_88' title='bbox 611 1101 757 1140; x_wconf 91' lang='lat' dir='ltr'><strong>clamor</strong></span> <span class='ocrx_word' id='word_1_89' title='bbox 774 1133 786 1154; x_wconf 94' lang='lat'><em>‚</em></span> <span class='ocrx_word' id='word_1_90' title='bbox 818 1102 886 1141; x_wconf 91' lang='lat' dir='ltr'><strong>sed</strong></span> <span class='ocrx_word' id='word_1_91' title='bbox 919 1104 985 1153; x_wconf 91' lang='lat' dir='ltr'><strong>qui</strong></span> <span class='ocrx_word' id='word_1_92' title='bbox 1027 1103 1107 1141; x_wconf 86' lang='lat' dir='ltr'><strong>fera</strong></span> <span class='ocrx_word' id='word_1_93' title='bbox 1146 1104 1300 1142; x_wconf 85' lang='lat' dir='ltr'><strong>nuntiet</strong></span> <span class='ocrx_word' id='word_1_94' title='bbox 1332 1115 1460 1144; x_wconf 88' lang='lat' dir='ltr'><strong>arma:</strong></span> 
     </span>
    </p>

    <p class='ocr_par' dir='ltr' id='par_1_9' title="bbox 197 1157 1271 1329">
     <span class='ocr_line' id='line_1_16' title="bbox 197 1157 1189 1210; baseline 0.003 -13"><span class='ocrx_word' id='word_1_95' title='bbox 197 1164 218 1197; x_wconf 84' lang='grc'>5</span> <span class='ocrx_word' id='word_1_96' title='bbox 238 1157 361 1210; x_wconf 84' lang='lat' dir='ltr'><strong>Inque</strong></span> <span class='ocrx_word' id='word_1_97' title='bbox 393 1160 619 1210; x_wconf 88' lang='lat' dir='ltr'><strong>repentinos</strong></span> <span class='ocrx_word' id='word_1_98' title='bbox 652 1161 826 1199; x_wconf 88' lang='lat' dir='ltr'><strong>convivia</strong></span> <span class='ocrx_word' id='word_1_99' title='bbox 857 1173 967 1200; x_wconf 91' lang='lat' dir='ltr'><strong>versa</strong></span> <span class='ocrx_word' id='word_1_100' title='bbox 998 1161 1189 1200; x_wconf 85' lang='lat' dir='ltr'><strong>tumultus</strong></span> 
     </span>
     <span class='ocr_line' id='line_1_17' title="bbox 237 1216 1271 1271; baseline 0.004 -16"><span class='ocrx_word' id='word_1_101' title='bbox 237 1216 461 1256; x_wconf 85' lang='lat' dir='ltr'><strong>Assimilare</strong></span> <span class='ocrx_word' id='word_1_102' title='bbox 494 1217 594 1257; x_wconf 87' lang='lat' dir='ltr'><strong>sreto</strong></span> <span class='ocrx_word' id='word_1_103' title='bbox 626 1220 783 1271; x_wconf 85' lang='lat' dir='ltr'><strong>possis,</strong></span> <span class='ocrx_word' id='word_1_104' title='bbox 815 1218 918 1270; x_wconf 90' lang='lat' dir='ltr'><strong>quod</strong></span> <span class='ocrx_word' id='word_1_105' title='bbox 951 1231 1063 1258; x_wconf 89' lang='lat' dir='ltr'><strong>saeva</strong></span> <span class='ocrx_word' id='word_1_106' title='bbox 1095 1222 1271 1271; x_wconf 87' lang='lat' dir='ltr'><strong>quietum</strong></span> 
     </span>
     <span class='ocr_line' id='line_1_18' title="bbox 237 1273 1167 1329; baseline 0.003 -15"><span class='ocrx_word' id='word_1_107' title='bbox 237 1273 453 1315; x_wconf 87' lang='lat' dir='ltr'><strong>Ventorum</strong></span> <span class='ocrx_word' id='word_1_108' title='bbox 485 1275 614 1315; x_wconf 87' lang='lat' dir='ltr'><strong>rabies</strong></span> <span class='ocrx_word' id='word_1_109' title='bbox 645 1278 761 1316; x_wconf 88' lang='lat' dir='ltr'><strong>motis</strong></span> <span class='ocrx_word' id='word_1_110' title='bbox 793 1284 997 1329; x_wconf 85' lang='lat' dir='ltr'><strong>exasperat</strong></span> <span class='ocrx_word' id='word_1_111' title='bbox 1028 1278 1167 1318; x_wconf 88' lang='lat' dir='ltr'><strong>undis.</strong></span> 
     </span>
    </p>

    <p class='ocr_par' dir='ltr' id='par_1_10' title="bbox 238 1332 1372 1448">
     <span class='ocr_line' id='line_1_19' title="bbox 238 1332 1372 1390; baseline 0.003 -17"><span class='ocrx_word' id='word_1_112' title='bbox 238 1332 395 1373; x_wconf 89' lang='lat' dir='ltr'><strong>Primus</strong></span> <span class='ocrx_word' id='word_1_113' title='bbox 426 1335 466 1373; x_wconf 91' lang='lat' dir='ltr'><strong>in</strong></span> <span class='ocrx_word' id='word_1_114' title='bbox 498 1334 558 1374; x_wconf 90' lang='lat' dir='ltr'><strong>his</strong></span> <span class='ocrx_word' id='word_1_115' title='bbox 590 1334 792 1388; x_wconf 91' lang='lat' dir='ltr'><strong>Phineus,</strong></span> <span class='ocrx_word' id='word_1_116' title='bbox 824 1335 916 1375; x_wconf 87' lang='lat' dir='ltr'><strong>belli</strong></span> <span class='ocrx_word' id='word_1_117' title='bbox 948 1338 1180 1376; x_wconf 89' lang='lat' dir='ltr'><strong>temerarius</strong></span> <span class='ocrx_word' id='word_1_118' title='bbox 1212 1345 1372 1390; x_wconf 85' lang='lat' dir='ltr'><strong>auctor,</strong></span> 
     </span>
     <span class='ocr_line' id='line_1_20' title="bbox 240 1391 1271 1448; baseline 0.003 -17"><span class='ocrx_word' id='word_1_119' title='bbox 240 1391 471 1432; x_wconf 86' lang='lat' dir='ltr'><strong>Fraxineam</strong></span> <span class='ocrx_word' id='word_1_120' title='bbox 503 1395 682 1445; x_wconf 89' lang='lat' dir='ltr'><strong>quatiens</strong></span> <span class='ocrx_word' id='word_1_121' title='bbox 714 1400 867 1434; x_wconf 86' lang='lat' dir='ltr'><strong>aeratae</strong></span> <span class='ocrx_word' id='word_1_122' title='bbox 894 1395 1067 1447; x_wconf 86' lang='lat' dir='ltr'><strong>cuspidis</strong></span> <span class='ocrx_word' id='word_1_123' title='bbox 1099 1394 1271 1448; x_wconf 86' lang='lat' dir='ltr'><strong>hastam,</strong></span> 
     </span>
    </p>

    <p class='ocr_par' dir='ltr' id='par_1_11' title="bbox 168 1447 1334 1505">
     <span class='ocr_line' id='line_1_21' title="bbox 168 1447 1334 1505; baseline 0.003 -15"><span class='ocrx_word' id='word_1_124' title='bbox 168 1457 212 1491; x_wconf 83' lang='lat' dir='ltr'><strong>lo</strong></span> <span class='ocrx_word' id='word_1_125' title='bbox 233 1447 307 1490; x_wconf 79' lang='lat' dir='ltr'><strong>‘En</strong></span> <span class='ocrx_word' id='word_1_126' title='bbox 326 1447 353 1504; x_wconf 81' lang='lat'><strong>‚³</strong></span> <span class='ocrx_word' id='word_1_127' title='bbox 385 1452 438 1491; x_wconf 87' lang='lat' dir='ltr'><strong>ait</strong></span> <span class='ocrx_word' id='word_1_128' title='bbox 470 1448 535 1491; x_wconf 72' lang='lat' dir='ltr'><strong>‘en</strong></span> <span class='ocrx_word' id='word_1_129' title='bbox 566 1452 704 1491; x_wconf 84' lang='lat' dir='ltr'><strong>adsum</strong></span> <span class='ocrx_word' id='word_1_130' title='bbox 734 1459 964 1505; x_wconf 88' lang='lat' dir='ltr'><strong>praereptae</strong></span> <span class='ocrx_word' id='word_1_131' title='bbox 997 1455 1174 1505; x_wconf 87' lang='lat' dir='ltr'><strong>coniugis</strong></span> <span class='ocrx_word' id='word_1_132' title='bbox 1207 1454 1334 1493; x_wconf 86' lang='lat' dir='ltr'><strong>ultor.</strong></span> 
     </span>
    </p>

    <p class='ocr_par' dir='ltr' id='par_1_12' title="bbox 237 1508 1412 1622">
     <span class='ocr_line' id='line_1_22' title="bbox 237 1508 1412 1564; baseline 0.003 -16"><span class='ocrx_word' id='word_1_133' title='bbox 237 1508 318 1549; x_wconf 89' lang='lat' dir='ltr'><strong>Nec</strong></span> <span class='ocrx_word' id='word_1_134' title='bbox 349 1509 446 1549; x_wconf 86' lang='lat' dir='ltr'><strong>mihi</strong></span> <span class='ocrx_word' id='word_1_135' title='bbox 478 1516 515 1549; x_wconf 87' lang='lat' dir='ltr'><strong>te</strong></span> <span class='ocrx_word' id='word_1_136' title='bbox 548 1522 729 1564; x_wconf 86' lang='lat' dir='ltr'><strong>pennae,</strong></span> <span class='ocrx_word' id='word_1_137' title='bbox 761 1523 834 1551; x_wconf 91' lang='lat' dir='ltr'><strong>nec</strong></span> <span class='ocrx_word' id='word_1_138' title='bbox 866 1512 1006 1552; x_wconf 82' lang='lat' dir='ltr'><strong>falsum</strong></span> <span class='ocrx_word' id='word_1_139' title='bbox 1037 1524 1175 1551; x_wconf 87' lang='lat' dir='ltr'><strong>versus</strong></span> <span class='ocrx_word' id='word_1_140' title='bbox 1201 1513 1240 1551; x_wconf 94' lang='lat' dir='ltr'><strong>in</strong></span> <span class='ocrx_word' id='word_1_141' title='bbox 1273 1525 1412 1552; x_wconf 87' lang='lat' dir='ltr'><strong>aurum</strong></span> 
     </span>
     <span class='ocr_line' id='line_1_23' title="bbox 238 1566 1224 1622; baseline 0.003 -15"><span class='ocrx_word' id='word_1_142' title='bbox 238 1567 413 1620; x_wconf 91' lang='lat' dir='ltr'><strong>Iuppiter</strong></span> <span class='ocrx_word' id='word_1_143' title='bbox 445 1569 585 1620; x_wconf 89' lang='lat' dir='ltr'><strong>eripiet</strong></span> <span class='ocrx_word' id='word_1_144' title='bbox 604 1566 629 1608; x_wconf 91' lang='lat'><strong>.&#39;</strong></span> <span class='ocrx_word' id='word_1_145' title='bbox 667 1572 824 1609; x_wconf 89' lang='lat' dir='ltr'><strong>conanti</strong></span> <span class='ocrx_word' id='word_1_146' title='bbox 856 1572 1012 1610; x_wconf 88' lang='lat' dir='ltr'><strong>mittere</strong></span> <span class='ocrx_word' id='word_1_147' title='bbox 1045 1570 1224 1622; x_wconf 87' lang='lat' dir='ltr'><strong>Cepheus</strong></span> 
     </span>
    </p>

    <p class='ocr_par' dir='ltr' id='par_1_13' title="bbox 236 1624 1458 1740">
     <span class='ocr_line' id='line_1_24' title="bbox 238 1624 1458 1682; baseline 0.003 -17"><span class='ocrx_word' id='word_1_148' title='bbox 238 1624 355 1673; x_wconf 82' lang='lat' dir='ltr'><strong>‘Quid</strong></span> <span class='ocrx_word' id='word_1_149' title='bbox 388 1627 483 1667; x_wconf 78' lang='lat' dir='ltr'><strong>facis</strong></span> <span class='ocrx_word' id='word_1_150' title='bbox 502 1624 539 1666; x_wconf 81' lang='lat'><strong>?&#39;</strong></span> <span class='ocrx_word' id='word_1_151' title='bbox 572 1627 761 1667; x_wconf 85' lang='lat' dir='ltr'><strong>exclamat</strong></span> <span class='ocrx_word' id='word_1_152' title='bbox 782 1625 895 1680; x_wconf 76' lang='lat' dir='ltr'><strong>‘quae</strong></span> <span class='ocrx_word' id='word_1_153' title='bbox 916 1635 954 1669; x_wconf 94' lang='lat' dir='ltr'><strong>te</strong></span> <span class='ocrx_word' id='word_1_154' title='bbox 973 1661 985 1682; x_wconf 88' lang='lat'><em>,</em></span> <span class='ocrx_word' id='word_1_155' title='bbox 1016 1641 1200 1681; x_wconf 87' lang='lat' dir='ltr'><strong>germane</strong></span> <span class='ocrx_word' id='word_1_156' title='bbox 1219 1661 1230 1682; x_wconf 85' lang='lat'>,</span> <span class='ocrx_word' id='word_1_157' title='bbox 1262 1630 1458 1669; x_wconf 84' lang='lat' dir='ltr'><strong>furentem</strong></span> 
     </span>
     <span class='ocr_line' id='line_1_25' title="bbox 236 1684 1417 1740; baseline 0.003 -16"><span class='ocrx_word' id='word_1_158' title='bbox 236 1684 346 1724; x_wconf 87' lang='lat' dir='ltr'><strong>Mens</strong></span> <span class='ocrx_word' id='word_1_159' title='bbox 378 1687 456 1737; x_wconf 85' lang='lat' dir='ltr'><strong>agit</strong></span> <span class='ocrx_word' id='word_1_160' title='bbox 488 1687 527 1725; x_wconf 92' lang='lat' dir='ltr'><strong>in</strong></span> <span class='ocrx_word' id='word_1_161' title='bbox 560 1687 710 1726; x_wconf 84' lang='lat' dir='ltr'><strong>facinus</strong></span> <span class='ocrx_word' id='word_1_162' title='bbox 729 1684 752 1726; x_wconf 75' lang='lat'><strong>⁴?</strong></span> <span class='ocrx_word' id='word_1_163' title='bbox 782 1689 985 1727; x_wconf 89' lang='lat' dir='ltr'><strong>meritisne</strong></span> <span class='ocrx_word' id='word_1_164' title='bbox 1017 1688 1113 1727; x_wconf 89' lang='lat' dir='ltr'><strong>haec</strong></span> <span class='ocrx_word' id='word_1_165' title='bbox 1144 1689 1267 1740; x_wconf 87' lang='lat' dir='ltr'><strong>gratia</strong></span> <span class='ocrx_word' id='word_1_166' title='bbox 1299 1690 1417 1728; x_wconf 89' lang='lat' dir='ltr'><strong>tantis</strong></span> 
     </span>
    </p>

    <p class='ocr_par' dir='ltr' id='par_1_14' title="bbox 173 1741 1301 1798">
     <span class='ocr_line' id='line_1_26' title="bbox 173 1741 1301 1798; baseline 0.004 -16"><span class='ocrx_word' id='word_1_167' title='bbox 173 1750 216 1782; x_wconf 72' lang='lat'><strong>15</strong></span> <span class='ocrx_word' id='word_1_168' title='bbox 237 1743 429 1783; x_wconf 84' lang='lat' dir='ltr'><strong>Redditur</strong></span> <span class='ocrx_word' id='word_1_169' title='bbox 448 1741 470 1783; x_wconf 76' lang='lat'><strong>⁴?</strong></span> <span class='ocrx_word' id='word_1_170' title='bbox 501 1744 573 1783; x_wconf 90' lang='lat' dir='ltr'><strong>hac</strong></span> <span class='ocrx_word' id='word_1_171' title='bbox 605 1746 722 1784; x_wconf 89' lang='lat' dir='ltr'><strong>vitam</strong></span> <span class='ocrx_word' id='word_1_172' title='bbox 754 1752 928 1786; x_wconf 88' lang='lat' dir='ltr'><strong>servatae</strong></span> <span class='ocrx_word' id='word_1_173' title='bbox 960 1746 1050 1785; x_wconf 90' lang='lat' dir='ltr'><strong>dote</strong></span> <span class='ocrx_word' id='word_1_174' title='bbox 1083 1744 1301 1798; x_wconf 77' lang='lat' dir='ltr'><strong>rependis?</strong></span> 
     </span>
    </p>

    <p class='ocr_par' dir='ltr' id='par_1_15' title="bbox 235 1801 1459 2034">
     <span class='ocr_line' id='line_1_27' title="bbox 236 1801 1459 1858; baseline 0.004 -18"><span class='ocrx_word' id='word_1_175' title='bbox 236 1801 360 1848; x_wconf 83' lang='lat' dir='ltr'><strong>Quam</strong></span> <span class='ocrx_word' id='word_1_176' title='bbox 392 1801 462 1841; x_wconf 89' lang='lat' dir='ltr'><strong>tibi</strong></span> <span class='ocrx_word' id='word_1_177' title='bbox 494 1814 573 1842; x_wconf 88' lang='lat' dir='ltr'><strong>non</strong></span> <span class='ocrx_word' id='word_1_178' title='bbox 603 1802 803 1856; x_wconf 86' lang='lat' dir='ltr'><strong>Perseus,</strong></span> <span class='ocrx_word' id='word_1_179' title='bbox 834 1816 970 1844; x_wconf 90' lang='lat' dir='ltr'><strong>verum</strong></span> <span class='ocrx_word' id='word_1_180' title='bbox 1003 1806 1036 1844; x_wconf 91' lang='lat' dir='ltr'><strong>si</strong></span> <span class='ocrx_word' id='word_1_181' title='bbox 1075 1807 1260 1858; x_wconf 87' lang='lat' dir='ltr'><strong>quaeris,</strong></span> <span class='ocrx_word' id='word_1_182' title='bbox 1293 1805 1459 1858; x_wconf 81' lang='lat' dir='ltr'><strong>ademit,</strong></span> 
     </span>
     <span class='ocr_line' id='line_1_28' title="bbox 237 1859 1459 1916; baseline 0.003 -17"><span class='ocrx_word' id='word_1_183' title='bbox 237 1859 313 1899; x_wconf 84' lang='lat' dir='ltr'><strong>Sed</strong></span> <span class='ocrx_word' id='word_1_184' title='bbox 345 1872 461 1912; x_wconf 84' lang='lat' dir='ltr'><strong>grave</strong></span> <span class='ocrx_word' id='word_1_185' title='bbox 492 1860 706 1900; x_wconf 84' lang='lat' dir='ltr'><strong>Nereidum</strong></span> <span class='ocrx_word' id='word_1_186' title='bbox 737 1874 881 1901; x_wconf 91' lang='lat' dir='ltr'><strong>numen</strong></span> <span class='ocrx_word' id='word_1_187' title='bbox 900 1894 911 1915; x_wconf 89' lang='lat'><em>‚</em></span> <span class='ocrx_word' id='word_1_188' title='bbox 943 1862 1011 1902; x_wconf 91' lang='lat' dir='ltr'><strong>sed</strong></span> <span class='ocrx_word' id='word_1_189' title='bbox 1049 1865 1231 1914; x_wconf 85' lang='lat' dir='ltr'><strong>corniger</strong></span> <span class='ocrx_word' id='word_1_190' title='bbox 1269 1863 1459 1916; x_wconf 78' lang='lat' dir='ltr'><strong>Ammon,</strong></span> 
     </span>
     <span class='ocr_line' id='line_1_29' title="bbox 236 1918 1191 1973; baseline 0.003 -16"><span class='ocrx_word' id='word_1_191' title='bbox 236 1918 312 1958; x_wconf 88' lang='lat' dir='ltr'><strong>Sed</strong></span> <span class='ocrx_word' id='word_1_192' title='bbox 345 1930 444 1970; x_wconf 88' lang='lat' dir='ltr'><strong>quae</strong></span> <span class='ocrx_word' id='word_1_193' title='bbox 476 1919 694 1959; x_wconf 89' lang='lat' dir='ltr'><strong>visceribus</strong></span> <span class='ocrx_word' id='word_1_194' title='bbox 725 1920 904 1959; x_wconf 89' lang='lat' dir='ltr'><strong>veniebat</strong></span> <span class='ocrx_word' id='word_1_195' title='bbox 935 1920 1050 1960; x_wconf 90' lang='lat' dir='ltr'><strong>belua</strong></span> <span class='ocrx_word' id='word_1_196' title='bbox 1081 1924 1191 1973; x_wconf 91' lang='lat' dir='ltr'><strong>ponti</strong></span> 
     </span>
     <span class='ocr_line' id='line_1_30' title="bbox 235 1976 1335 2034; baseline 0.003 -18"><span class='ocrx_word' id='word_1_197' title='bbox 235 1976 504 2017; x_wconf 86' lang='lat' dir='ltr'><strong>Exsaturanda</strong></span> <span class='ocrx_word' id='word_1_198' title='bbox 535 1979 632 2017; x_wconf 93' lang='lat' dir='ltr'><strong>meis</strong></span> <span class='ocrx_word' id='word_1_199' title='bbox 652 2009 661 2018; x_wconf 89' lang='lat'>.</span> <span class='ocrx_word' id='word_1_200' title='bbox 699 1977 764 2017; x_wconf 88' lang='lat' dir='ltr'><strong>illo</strong></span> <span class='ocrx_word' id='word_1_201' title='bbox 797 1978 867 2018; x_wconf 89' lang='lat' dir='ltr'><strong>tibi</strong></span> <span class='ocrx_word' id='word_1_202' title='bbox 900 1985 1075 2031; x_wconf 90' lang='lat' dir='ltr'><strong>tempore</strong></span> <span class='ocrx_word' id='word_1_203' title='bbox 1107 1986 1218 2031; x_wconf 90' lang='lat' dir='ltr'><strong>rapta</strong></span> <span class='ocrx_word' id='word_1_204' title='bbox 1249 1989 1335 2034; x_wconf 86' lang='lat' dir='ltr'><strong>est,</strong></span> 
     </span>
    </p>

    <p class='ocr_par' dir='ltr' id='par_1_16' title="bbox 172 2035 1457 2324">
     <span class='ocr_line' id='line_1_31' title="bbox 172 2035 1270 2090; baseline 0.003 -16"><span class='ocrx_word' id='word_1_205' title='bbox 172 2042 215 2075; x_wconf 82' lang='lat'><strong>20</strong></span> <span class='ocrx_word' id='word_1_206' title='bbox 235 2035 321 2081; x_wconf 91' lang='lat' dir='ltr'><strong>Quo</strong></span> <span class='ocrx_word' id='word_1_207' title='bbox 353 2037 529 2088; x_wconf 87' lang='lat' dir='ltr'><strong>peritura</strong></span> <span class='ocrx_word' id='word_1_208' title='bbox 561 2036 663 2076; x_wconf 83' lang='lat' dir='ltr'><strong>suit:</strong></span> <span class='ocrx_word' id='word_1_209' title='bbox 695 2037 770 2076; x_wconf 92' lang='lat' dir='ltr'><strong>nisi</strong></span> <span class='ocrx_word' id='word_1_210' title='bbox 801 2039 835 2076; x_wconf 90' lang='lat' dir='ltr'><strong>si</strong></span> <span class='ocrx_word' id='word_1_211' title='bbox 866 2037 1040 2077; x_wconf 90' lang='lat' dir='ltr'><strong>crudelis</strong></span> <span class='ocrx_word' id='word_1_212' title='bbox 1071 2038 1109 2077; x_wconf 90' lang='lat' dir='ltr'><strong>id</strong></span> <span class='ocrx_word' id='word_1_213' title='bbox 1141 2040 1270 2090; x_wconf 87' lang='lat' dir='ltr'><strong>ipsum</strong></span> 
     </span>
     <span class='ocr_line' id='line_1_32' title="bbox 233 2093 1286 2148; baseline 0.004 -16"><span class='ocrx_word' id='word_1_214' title='bbox 233 2093 397 2146; x_wconf 79' lang='lat' dir='ltr'><strong>Exigis,</strong></span> <span class='ocrx_word' id='word_1_215' title='bbox 428 2100 472 2133; x_wconf 92' lang='lat' dir='ltr'><strong>ut</strong></span> <span class='ocrx_word' id='word_1_216' title='bbox 502 2100 637 2145; x_wconf 87' lang='lat' dir='ltr'><strong>pereat</strong></span> <span class='ocrx_word' id='word_1_217' title='bbox 654 2126 666 2148; x_wconf 89' lang='lat'><em>,</em></span> <span class='ocrx_word' id='word_1_218' title='bbox 698 2094 884 2146; x_wconf 85' lang='lat' dir='ltr'><strong>luctuque</strong></span> <span class='ocrx_word' id='word_1_219' title='bbox 916 2095 1094 2135; x_wconf 87' lang='lat' dir='ltr'><strong>levabere</strong></span> <span class='ocrx_word' id='word_1_220' title='bbox 1127 2103 1286 2136; x_wconf 91' lang='lat' dir='ltr'><strong>nostro.</strong></span> 
     </span>
     <span class='ocr_line' id='line_1_33' title="bbox 236 2151 1457 2209; baseline 0.003 -18"><span class='ocrx_word' id='word_1_221' title='bbox 236 2151 395 2191; x_wconf 87' lang='lat' dir='ltr'><strong>Scilicet</strong></span> <span class='ocrx_word' id='word_1_222' title='bbox 414 2152 517 2192; x_wconf 87' lang='lat' dir='ltr'><strong>haud</strong></span> <span class='ocrx_word' id='word_1_223' title='bbox 538 2155 633 2192; x_wconf 88' lang='lat' dir='ltr'><strong>satis</strong></span> <span class='ocrx_word' id='word_1_224' title='bbox 654 2159 713 2192; x_wconf 92' lang='lat' dir='ltr'><strong>est</strong></span> <span class='ocrx_word' id='word_1_225' title='bbox 731 2185 742 2205; x_wconf 93' lang='lat'><em>‚</em></span> <span class='ocrx_word' id='word_1_226' title='bbox 775 2153 878 2205; x_wconf 93' lang='lat' dir='ltr'><strong>quod</strong></span> <span class='ocrx_word' id='word_1_227' title='bbox 899 2160 937 2193; x_wconf 88' lang='lat' dir='ltr'><strong>te</strong></span> <span class='ocrx_word' id='word_1_228' title='bbox 959 2161 1160 2206; x_wconf 85' lang='lat' dir='ltr'><strong>spectante</strong></span> <span class='ocrx_word' id='word_1_229' title='bbox 1181 2157 1353 2195; x_wconf 89' lang='lat' dir='ltr'><strong>revincta</strong></span> <span class='ocrx_word' id='word_1_230' title='bbox 1374 2162 1457 2209; x_wconf 88' lang='lat' dir='ltr'><strong>est,</strong></span> 
     </span>
     <span class='ocr_line' id='line_1_34' title="bbox 235 2210 1368 2264; baseline 0.004 -15"><span class='ocrx_word' id='word_1_231' title='bbox 235 2210 284 2249; x_wconf 87' lang='lat' dir='ltr'><strong>Et</strong></span> <span class='ocrx_word' id='word_1_232' title='bbox 315 2210 460 2250; x_wconf 90' lang='lat' dir='ltr'><strong>nullam</strong></span> <span class='ocrx_word' id='word_1_233' title='bbox 494 2211 598 2263; x_wconf 89' lang='lat' dir='ltr'><strong>quod</strong></span> <span class='ocrx_word' id='word_1_234' title='bbox 630 2224 745 2263; x_wconf 89' lang='lat' dir='ltr'><strong>opem</strong></span> <span class='ocrx_word' id='word_1_235' title='bbox 775 2218 939 2264; x_wconf 88' lang='lat' dir='ltr'><strong>patruus</strong></span> <span class='ocrx_word' id='word_1_236' title='bbox 973 2225 1188 2264; x_wconf 88' lang='lat' dir='ltr'><strong>sponsusve</strong></span> <span class='ocrx_word' id='word_1_237' title='bbox 1222 2214 1368 2253; x_wconf 86' lang='lat' dir='ltr'><strong>tulisti:</strong></span> 
     </span>
     <span class='ocr_line' id='line_1_35' title="bbox 236 2268 1321 2324; baseline 0.003 -17"><span class='ocrx_word' id='word_1_238' title='bbox 236 2268 400 2320; x_wconf 84' lang='lat' dir='ltr'><strong>Insuper</strong></span> <span class='ocrx_word' id='word_1_239' title='bbox 418 2301 429 2321; x_wconf 89' lang='lat'><strong><em>,</em></strong></span> <span class='ocrx_word' id='word_1_240' title='bbox 461 2281 482 2308; x_wconf 89' lang='lat' dir='ltr'><strong>a</strong></span> <span class='ocrx_word' id='word_1_241' title='bbox 514 2281 711 2321; x_wconf 91' lang='lat' dir='ltr'><strong>quoquam</strong></span> <span class='ocrx_word' id='word_1_242' title='bbox 743 2270 847 2322; x_wconf 89' lang='lat' dir='ltr'><strong>quod</strong></span> <span class='ocrx_word' id='word_1_243' title='bbox 880 2272 931 2310; x_wconf 89' lang='lat' dir='ltr'><strong>sit</strong></span> <span class='ocrx_word' id='word_1_244' title='bbox 962 2277 1110 2310; x_wconf 85' lang='lat' dir='ltr'><strong>servata</strong></span> <span class='ocrx_word' id='word_1_245' title='bbox 1130 2304 1141 2324; x_wconf 86' lang='lat'><em>,</em></span> <span class='ocrx_word' id='word_1_246' title='bbox 1174 2271 1321 2311; x_wconf 87' lang='lat' dir='ltr'><strong>dolebis</strong></span> 
     </span>
    </p>

    <p class='ocr_par' dir='ltr' id='par_1_17' title="bbox 169 2326 1410 2383">
     <span class='ocr_line' id='line_1_36' title="bbox 169 2326 1410 2383; baseline 0.004 -18"><span class='ocrx_word' id='word_1_247' title='bbox 169 2333 212 2365; x_wconf 78' lang='lat'><strong>25</strong></span> <span class='ocrx_word' id='word_1_248' title='bbox 233 2326 488 2379; x_wconf 86' lang='lat' dir='ltr'><strong>Praemiaque</strong></span> <span class='ocrx_word' id='word_1_249' title='bbox 522 2330 664 2380; x_wconf 85' lang='lat' dir='ltr'><strong>eripies</strong></span> <span class='ocrx_word' id='word_1_250' title='bbox 684 2326 706 2368; x_wconf 71' lang='grc' dir='ltr'>Ῥ</span> <span class='ocrx_word' id='word_1_251' title='bbox 737 2340 835 2381; x_wconf 88' lang='lat' dir='ltr'><strong>quae</strong></span> <span class='ocrx_word' id='word_1_252' title='bbox 868 2331 901 2368; x_wconf 91' lang='lat' dir='ltr'><strong>si</strong></span> <span class='ocrx_word' id='word_1_253' title='bbox 934 2329 1003 2369; x_wconf 88' lang='lat' dir='ltr'><strong>tibi</strong></span> <span class='ocrx_word' id='word_1_254' title='bbox 1037 2342 1173 2382; x_wconf 87' lang='lat' dir='ltr'><strong>magna</strong></span> <span class='ocrx_word' id='word_1_255' title='bbox 1207 2330 1410 2383; x_wconf 86' lang='lat' dir='ltr'><strong>videntur,</strong></span> 
     </span>
    </p>
   </div>
  </div>
 </body>
</html>
