1554 2563
618 105 650 140 X
665 132 673 149 ,
699 108 885 141 216-288
899 133 908 141 .
1029 116 1227 140 PYGMALION
1348 103 1433 146 203

212 216 286 256 Ars
319 216 413 255 adeo
446 215 540 255 latet
570 220 652 255 arte
685 227 782 254 sua.
822 217 1016 267 miratur,
1047 219 1087 254 et
1117 214 1248 254 haurit

210 275 376 314 Pectore
408 273 634 326 Pygmalion
666 273 837 313 simulati
869 274 1046 326 corporis
1078 275 1210 325 ignes.

213 333 337 386 Saepe
370 345 508 372 manus
541 334 650 384 operi
682 337 917 384 temptantes
949 332 1156 385 admovet,
1188 344 1236 371 an
1268 332 1319 371 sit

123 400 188 432 255
211 392 362 444 Corpus
380 424 392 445 ,
424 404 472 431 an
503 391 598 431 illud
632 391 730 430 ebur
750 405 759 431 ε
791 403 864 430 nec
896 391 1021 430 adhuc
1042 390 1140 431 ebur
1160 402 1246 430 esse
1267 390 1434 429 fatetur.

212 451 353 490 Oscula
386 450 450 490 dat
468 482 479 503 ‚
511 450 700 501 reddique
739 455 878 502 putat;
910 450 1193 502 loquiturque,
1226 454 1435 502 tenetque,

210 509 260 549 Et
292 509 417 549 credit
449 510 561 548 tactis
587 508 729 560 digitos
761 509 932 548 insidere
965 509 1175 548 membris:

211 568 261 608 Et
292 570 461 620 metuit,
493 579 652 619 pressos
685 569 812 607 veniat
845 580 892 607 ne
924 567 1022 607 livor
1055 569 1094 606 in
1126 572 1258 606 artus.

210 626 259 666 Et
290 627 404 666 modo
436 626 645 666 blanditias
678 626 864 678 adhibet,
896 626 1010 665 modo
1043 632 1151 678 grata
1183 624 1324 677 puellis

122 694 189 726 250
209 685 371 725 Munera
402 686 480 724 fert
510 685 566 724 illi
584 717 596 738 ‚
628 685 796 725 conchas
830 691 1054 737 teretesque
1085 684 1260 738 lapillos,

210 744 259 784 Et
289 756 426 796 parvas
459 743 637 783 volucres
669 750 709 783 et
739 744 857 783 ssores
889 744 993 783 mille
1026 743 1224 796 colorum,

210 803 384 854 Liliaque
415 805 617 854 pictasque
649 803 745 855 pilas
778 808 817 842 et
848 802 894 841 ab
927 802 1066 842 arbore
1098 802 1224 854 lapsas

212 861 415 901 Heliadum
445 862 654 901 lacrimas.
693 868 807 901 ornat
839 874 995 913 quoque
1027 861 1201 900 vestibus
1233 865 1365 899 artus:

212 921 283 960 Dat
315 921 445 972 digitis
478 932 648 972 gemmas
667 952 678 974 ,
711 920 776 960 dat
807 920 920 972 longa
953 920 1109 959 monilia
1142 919 1264 971 collo;

126 987 192 1019 265
213 980 317 1019 Aure
349 980 453 1018 leves
484 979 603 1018 bacae
622 1011 633 1033 ,
667 979 894 1018 redimicula
925 985 1085 1031 pectore
1118 978 1311 1030 pendent.

214 1038 363 1078 Cuncta
395 1038 564 1078 decent:
595 1050 669 1077 nec
702 1038 804 1077 nuda
836 1039 965 1077 minus
999 1039 1168 1077 formosa
1201 1036 1375 1076 videtur.

215 1097 387 1136 Collocat
417 1097 517 1136 hanc
550 1098 682 1136 stratis
716 1096 864 1136 concha
897 1095 1082 1135 Sidonide
1116 1096 1272 1148 tinctis,

212 1155 467 1207 Appellatque
501 1157 577 1195 tori
607 1157 752 1195 sociam
771 1187 782 1208 ,
814 1155 1083 1206 adclInataque
1116 1154 1213 1193 colla

213 1213 393 1254 Mollibus
426 1216 465 1253 in
497 1214 669 1267 plumis,
703 1220 900 1265 tamquam
931 1226 1096 1253 sensura
1114 1245 1125 1266 ,
1157 1214 1335 1265 reponit.

124 1281 192 1313 270
212 1273 326 1312 Festa
358 1273 441 1312 dies
473 1272 635 1312 Veneris
669 1279 749 1312 tota
781 1272 1035 1312 celeberrima
1068 1272 1195 1324 Cypro

214 1331 409 1385 Venerat,
441 1337 479 1372 et
510 1332 647 1384 pandis
679 1331 861 1371 inductae
894 1331 1079 1371 cornibus
1112 1343 1252 1370 aurum

213 1391 473 1430 Conciderant
504 1392 604 1429 ictae
636 1392 746 1430 nivea
778 1391 930 1430 cervice
963 1392 1174 1443 iuvencae,

213 1449 397 1500 Turaque
430 1448 660 1489 fumabant:
693 1461 782 1488 cum
814 1461 977 1488 munere
1010 1450 1169 1488 functus
1202 1447 1249 1487 ad
1281 1459 1367 1487 aras

214 1508 398 1547 Constitit
430 1514 469 1547 et
502 1507 634 1546 timide
667 1504 733 1546 “si
765 1507 803 1546 di
835 1507 926 1546 dare
960 1512 1101 1546 cuncta
1131 1507 1320 1559 potestis,

125 1575 195 1606 275
218 1567 276 1606 Sit
308 1568 507 1619 coniunx,
539 1563 646 1618 opto'
679 1577 757 1605 non
789 1578 907 1605 ausus
941 1563 1130 1605 ‘eburnea
1162 1561 1302 1617 virgo”

213 1625 351 1664 Dicere
371 1657 382 1678 ,
413 1624 638 1676 Pygmalion
672 1621 824 1664 ‘similis
856 1621 956 1663 mea'
989 1624 1087 1664 dixit
1112 1618 1356 1663 ‘eburnaef’

215 1684 376 1737 Sensit,
409 1689 451 1723 ut
482 1685 566 1735 ipsa
597 1684 678 1722 suis
711 1683 844 1723 aderat
875 1682 1005 1722 Venus
1038 1695 1156 1722 aurea
1187 1683 1322 1722 festis:

215 1742 330 1793 [Vota
362 1742 455 1793 quid
487 1741 551 1781 illa
583 1741 730 1781 velint:
763 1748 831 1795 et,
862 1743 977 1781 amici
1009 1742 1180 1781 numinis
1214 1753 1329 1780 omen
1341 1740 1370 1793 ‚]

214 1801 383 1840 Flamma
416 1807 475 1840 ter
508 1812 671 1840 accensa
703 1806 763 1839 est
794 1801 1021 1852 apicemque
1054 1813 1124 1853 per
1156 1804 1245 1840 aera
1277 1799 1410 1839 duxit.

124 1867 194 1900 280
215 1859 265 1899 Ut
297 1860 442 1912 rediit,
475 1859 681 1899 simulacra
714 1871 806 1898 suae
838 1861 938 1910 petit
968 1859 1031 1898 ille
1062 1858 1240 1911 puellae,

214 1917 529 1970 incumbensque
562 1925 648 1957 toro
681 1917 788 1956 dedit
819 1917 951 1957 oscula
972 1949 980 1956 .
1018 1919 1098 1956 visa
1131 1922 1265 1969 tepere
1298 1922 1381 1956 est:

215 1976 422 2027 [Admovet
441 1989 484 2016 os
504 1979 670 2029 iterum,
697 1976 877 2015 manibus
896 1988 1052 2027 quoque
1073 1981 1234 2028 pectora
1254 1980 1439 2028 temptat:

213 2035 463 2087 Temptatum
494 2035 686 2075 mollescit
717 2034 816 2074 ebur
834 2066 845 2087 ‚
875 2036 1083 2086 positoque
1114 2036 1245 2086 rigore

218 2093 394 2134 Subsidit
426 2094 557 2146 digitis
576 2126 587 2147 ,
619 2094 800 2145 ceditque
820 2125 831 2145 ,
864 2100 907 2133 ut
937 2092 1132 2144 Hymettia
1164 2092 1246 2132 sole

127 2160 195 2192 285
216 2152 314 2192 Cera
346 2152 613 2205 remollescit,
647 2158 886 2203 tractataque
914 2152 1053 2203 pollice
1085 2151 1227 2191 multas

215 2211 404 2250 Flectitur
435 2213 475 2250 in
508 2212 657 2263 facies:
688 2212 852 2264 ipsoque
885 2211 928 2249 fit
960 2210 1067 2250 utilis
1093 2223 1191 2250 usu.

216 2269 315 2309 Dum
348 2275 509 2323 stupet,
541 2276 580 2309 et
611 2269 728 2308 dubie
760 2269 932 2322 gaudet,
963 2268 1120 2321 saIIIque
1152 2274 1334 2322 veretur,

215 2327 368 2368 Rursus
400 2340 534 2368 amans
566 2340 784 2380 rursusque
817 2340 934 2368 manu
966 2340 1036 2367 sua
1069 2334 1155 2368 vota
1186 2327 1413 2377 retractat]
