1554 2563
610 126 626 160 I
647 154 657 171 ,
686 130 870 162 104—177
886 154 893 162 .
1062 139 1235 161 mamma
1401 126 1430 168 5

206 234 364 286 Iamque
396 247 543 274 nocens
575 235 725 275 ferrum
757 236 940 287 ferroque
973 237 1180 276 nocentius
1212 247 1351 275 aurum

204 293 438 333 Prodierat:
469 293 599 344 prodit
630 294 775 334 bellum
793 326 805 347 ‚
836 295 941 346 quod
972 301 1119 346 pugnat
1153 300 1346 348 utroque,

206 351 503 403 Sanguineaque
535 364 651 392 manu
683 354 914 404 crepitantia
946 355 1121 392 concutit
1152 365 1279 392 arma.

206 409 354 449 Vivitur
386 423 433 450 ex
465 416 607 463 rapto;
638 423 717 450 non
749 411 892 463 hospes
924 411 971 450 ab
998 412 1150 463 hospite
1182 417 1315 464 tutuS,

117 475 184 508 145
203 468 287 507 Non
321 481 434 508 socer
465 481 485 507 a
517 481 692 522 genero3
724 470 889 509 fratrum
910 482 1065 521 quoque
1086 472 1207 521 gratia
1233 482 1320 509 rara
1345 475 1429 510 est.

203 527 385 566 Imminet
416 529 534 566 exitio
566 529 624 567 vir
655 530 832 580 coniugis
851 560 862 581 ,
894 528 957 567 illa
987 531 1142 581 mariti3

203 585 348 625 Lurida
378 586 575 625 terribiles
607 588 774 626 miscent
798 588 951 626 aconita
982 600 1197 640 novercae3

203 643 325 683 Filius
357 651 446 684 ante
478 645 582 683 diem
612 647 760 696 patrios
792 647 957 697 inquirit
987 647 1028 685 in
1060 658 1204 685 annos.

203 702 311 742 Victa
342 704 442 742 iacet
472 705 626 757 pietas,
658 710 698 743 et
728 703 843 755 Virgo
876 704 992 743 caede
1025 705 1251 758 madentes,

111 768 178 801 150
197 760 339 800 Ultima
371 761 583 801 caelestum
601 794 613 815 ,
644 768 771 801 terras
802 764 962 802 Astraea
993 763 1174 814 reliquit.

202 820 306 859 Neve
338 821 440 859 foret
470 822 588 859 terris
621 823 798 860 securior
829 822 975 860 arduus
1007 822 1164 874 aether,

202 879 414 918 Affectasse
446 879 579 918 ferunt
610 892 775 931 regnum
807 880 974 919 caeleste
1007 880 1214 933 Gigantas,

203 937 367 988 Altaque
400 943 607 989 congestos
640 940 832 977 struxisse
864 938 910 977 ad
937 939 1065 977 sidera
1096 945 1272 978 montes.

203 995 304 1035 Tum
334 1001 447 1047 pater
478 998 726 1047 omnipotens
758 998 878 1036 misso
910 997 1100 1048 perfregit
1131 997 1339 1050 Olympum

116 1060 182 1093 155
202 1054 231 1093 F
236 1054 381 1094 ulmine
414 1060 454 1094 et
486 1056 659 1094 excussit
690 1055 867 1094 subiecto
898 1055 1033 1094 Pelion
1065 1055 1209 1095 Ossae.

202 1112 352 1152 Obruta
383 1113 484 1152 mole
517 1126 586 1152 sua
619 1126 708 1152 cum
740 1126 906 1165 corpora
937 1114 1019 1152 dira
1050 1116 1247 1167 iacerent,

203 1171 409 1210 Perfusam
440 1171 563 1211 multo
595 1178 776 1211 natorum
809 1174 997 1224 sanguine
1029 1173 1192 1211 Terram

202 1229 444 1269 Inmaduisse
478 1231 611 1269 ferunt
642 1231 887 1282 calidumque
920 1233 1111 1270 animasse
1143 1243 1349 1286 cruorem,

202 1287 280 1340 Et,
312 1301 361 1327 ne
393 1288 497 1328 nulla
529 1301 622 1328 suae
655 1291 788 1340 stirpis
820 1291 1057 1329 monimenta
1090 1298 1317 1342 manerent,

115 1353 182 1386 160
202 1346 244 1385 In
278 1347 415 1386 faciem
435 1349 600 1386 vertisse
620 1347 822 1387 hominum
843 1379 850 1387 .
889 1347 957 1387 sed
990 1354 1029 1387 et
1048 1348 1110 1387 illa
1130 1360 1302 1400 propago
1339 1357 1369 1385 ι.
1388 1365 1424 1386 v.

206 1404 476 1457 contemptrix
507 1418 696 1457 superum
728 1418 942 1458 saevaeque
974 1407 1194 1446 avidissima
1225 1408 1355 1448 caedis

202 1463 252 1503 Et
282 1464 449 1504 violenta
481 1465 584 1504 fuit:
616 1466 739 1504 scires
770 1478 791 1504 e
824 1467 1013 1516 sanguine
1045 1472 1182 1506 natos,

262 1522 369 1568 Quae
400 1528 511 1574 pater
542 1529 586 1561 ut
617 1535 767 1562 summa
798 1524 894 1562 vidit
926 1523 1134 1563 Saturnius
1160 1537 1276 1578 arce,

202 1580 370 1632 Ingemit
401 1586 469 1633 et,
501 1582 603 1620 facto
636 1581 810 1620 nondum
840 1582 994 1633 vulgata
1026 1584 1177 1621 recenti

116 1646 182 1678 165
203 1639 332 1678 Foeda
362 1638 578 1690 Lycaoniae
610 1640 789 1678 reserens
815 1642 988 1679 convivia
1020 1652 1201 1694 mensae,

202 1697 385 1749 Ingentes
417 1699 545 1736 animo
578 1704 617 1736 et
648 1698 784 1749 dignas
816 1698 904 1737 Iove
937 1700 1109 1750 concipit
1138 1701 1241 1753 iras,

202 1755 498 1807 Conciliumque
530 1762 669 1796 vocat.
707 1758 835 1796 tenuit
866 1769 974 1796 mora
1004 1757 1110 1797 nulla
1141 1765 1321 1799 vocatos.

201 1813 273 1854 Est
303 1816 363 1854 via
393 1815 574 1854 sublimis
592 1846 604 1867 ‚
635 1815 742 1854 caelo
774 1817 979 1854 manifesta
1011 1828 1175 1869 sereno3

202 1872 343 1912 Lactea
374 1885 517 1912 nomen
548 1873 666 1913 habet
683 1906 694 1927 ,
727 1874 895 1913 candore
928 1874 1109 1914 notabilis
1140 1878 1249 1927 ipso.

115 1938 182 1971 170
201 1930 282 1970 Hac
312 1933 388 1970 iter
420 1938 481 1971 est
511 1934 666 1984 superis
698 1932 745 1971 ad
776 1934 906 1984 magni
937 1939 1039 1972 tecta
1070 1933 1258 1974 Tonantis

200 1989 461 2041 Regalemque
493 1990 653 2030 domum
672 2022 681 2031 .
719 1991 855 2031 dextra
884 1991 1067 2043 laevaque
1100 1992 1264 2032 deorum

200 2048 308 2087 Atria
339 2048 529 2088 nobilium
560 2049 678 2089 valvis
711 2050 961 2089 celebrantur
993 2052 1161 2101 apertiS.

200 2105 316 2145 Plebs
348 2106 496 2146 habitat
527 2107 681 2147 diversa
711 2108 837 2161 locis;
870 2109 940 2147 hac
972 2109 1101 2148 fronte
1132 2116 1315 2161 potentes

202 2164 415 2204 Caelicolae
441 2166 615 2218 clarique
647 2179 740 2206 suos
770 2180 938 2219 posuere
970 2173 1155 2219 penates.

113 2230 180 2262 175
200 2223 273 2262 Hic
302 2223 414 2263 locus
445 2230 533 2277 est,
565 2237 710 2278 quem,
743 2228 777 2264 si
807 2225 936 2264 verbis
968 2225 1127 2265 audacia
1159 2227 1298 2282 detur,

199 2281 311 2321 Haud
343 2284 500 2322 timeam
531 2286 660 2335 magni
692 2284 836 2323 dixisse
867 2284 1013 2323 Palatia
1044 2285 1160 2325 caeli.

199 2339 303 2392 Ergo
334 2340 402 2380 ubi
432 2353 652 2381 marmoreo
685 2344 819 2395 superi
851 2343 988 2382 sedere
1020 2356 1206 2397 recessu,
