1554 2563
565 143 629 177 XV
648 171 656 186 ,
682 147 868 178 667—740
884 171 890 178 .
983 156 1215 179 asscunnms
1313 142 1397 184 325

102 274 155 280 -—
179 252 276 291 Saxa
309 253 408 304 fugit
425 284 436 305 ,
469 253 605 293 dextra
636 259 846 305 praerupta
879 253 1062 293 Celennia
1094 259 1227 306 parte,

102 333 156 338 -—
177 311 507 362 Romethiumque
539 311 632 363 legit
664 311 911 364 Caulonaque
942 312 1249 364 Naryciamque,

89 377 155 409 ‘106
176 368 408 420 Evincitque
441 370 586 409 fretum
618 369 818 421 Siculique
851 377 1013 422 angusta
1044 371 1174 409 Pelori

176 428 494 480 Hippotadaeque
527 428 662 468 domos
694 431 797 480 regis
829 429 1093 480 Temesesque
1126 428 1302 481 metalla,

177 486 484 538 Leucosiamque
516 489 643 539 petit,
676 487 875 539 tepidique
906 490 1055 527 rosaria
1086 487 1237 527 Paesti.

177 545 270 584 lude
301 545 395 597 legit
426 545 594 597 Capreas
612 577 623 599 ,
654 548 1052 597 promunturiumque
1084 546 1278 585 Minervae

89 611 156 643 710
177 603 226 642 Et
258 603 492 643 Surrentino
524 616 737 655 generosos
768 605 925 656 palmite
958 605 1077 644 colles
1252 603 1254 605 ’

176 662 485 713 Herculeamque
518 662 657 702 urbem
690 663 919 715 Stabiasque
952 670 991 703 et
1021 665 1061 702 in
1094 665 1170 702 otia
1202 669 1331 702 natam

175 720 450 772 Parthenopen
483 727 522 760 et
553 720 600 760 ab
632 722 704 760 1130
737 721 927 761 Cumaeae
960 722 1104 773 templa
1136 721 1325 773 Sibyllae.

176 779 281 818 Hinc
308 779 421 818 calidi
453 780 580 819 fontes
612 780 973 832 lentisciferumque
1006 787 1163 820 tenetur

175 837 377 877 Liternum
395 870 406 891 ‚
438 839 677 890 multamque
710 839 867 878 trahens
899 839 972 878 sub
1004 841 1157 890 gurgite
1189 838 1373 877 harenam

88 904 155 935 715
178 896 418 949 Volturnus,
451 899 652 948 niveisque
685 898 872 949 frequens
906 897 1091 937 Sinuessa
1124 897 1338 948 columbis,

175 955 474 1006 Minturnaeque
506 968 642 1007 graves
675 962 715 995 et
745 969 861 1007 quam
893 956 1099 996 tumulavit
1129 956 1332 1007 alumnus,

174 1014 484 1065 Antiphataeque
517 1014 655 1054 domus
674 1046 685 1067 ,
716 1014 965 1067 Trachasque
998 1015 1157 1054 obsessa
1187 1014 1326 1066 palude

176 1072 225 1111 Et
257 1072 372 1111 tellus
405 1072 563 1112 Circaea
595 1079 634 1112 et
665 1075 781 1124 spissi
812 1074 937 1113 litoris
963 1074 1141 1113 Antium.

176 1131 260 1170 Huc
292 1130 360 1170 ubi
391 1131 590 1171 veliferam
622 1139 763 1171 nautae
796 1132 999 1171 advertere
1033 1134 1203 1171 carinam
1236 1153 1291 1159 —

88 1198 155 1229 720
175 1191 299 1241 Asper
330 1191 434 1228 enim
466 1191 541 1228 iam
572 1196 717 1241 pontus
749 1196 832 1229 erat
858 1212 912 1218 —
940 1190 1037 1229 deus
1070 1191 1238 1242 explicat
1262 1189 1395 1241 orbes,

174 1249 330 1299 Perque
363 1250 473 1287 sinus
505 1248 667 1287 crebros
699 1255 738 1287 et
769 1261 906 1300 magna
937 1249 1134 1288 volumina
1164 1248 1298 1288 labens

174 1307 334 1358 Templa
365 1308 540 1358 parentis
570 1308 643 1346 init
674 1307 815 1346 ssavum
847 1309 1044 1359 tangentia
1076 1308 1191 1346 litus.

175 1367 354 1417 Aequore
385 1372 522 1417 pacato
554 1367 699 1417 patrias
730 1365 968 1417 Epidaurius
999 1378 1086 1405 aras

175 1425 363 1476 Linquit,
395 1430 434 1462 et
464 1424 634 1475 hospitio
666 1425 790 1463 iuncti
821 1424 896 1463 sibi
928 1426 1099 1463 numinis
1130 1436 1227 1463 usus

88 1491 154 1522 725
176 1483 371 1522 Litoream
403 1488 531 1521 tractu
563 1494 746 1533 squamae
779 1484 1006 1533 crepitantis
1037 1483 1222 1522 harenam

177 1541 309 1580 Sulcat
327 1572 338 1594 ,
370 1547 410 1579 et
440 1542 597 1579 innixus
629 1540 893 1579 moderamine
926 1543 1032 1580 navis
1064 1543 1104 1580 in
1136 1541 1210 1580 alta

174 1600 310 1651 Puppe
343 1605 460 1650 caput
490 1600 650 1651 posuit,
682 1599 806 1638 donec
839 1598 1097 1650 Castrumque
1130 1612 1338 1652 sacrasque

176 1659 308 1697 Lavini
341 1658 453 1696 sedes
485 1657 747 1708 Tiberinaque
780 1658 826 1696 ad
858 1660 957 1697 ostia
988 1661 1114 1697 venit.

176 1717 261 1756 Huc
294 1718 419 1755 omnis
451 1716 584 1767 populi
615 1718 759 1768 passim
791 1723 1037 1768 matrumque
1068 1723 1303 1770 patrumque

89 1785 156 1815 730
177 1775 299 1815 Obvia
338 1775 451 1814 turba
491 1777 598 1827 ruit,
631 1787 808 1826 quaeque
847 1777 986 1828 ignes,
1018 1775 1188 1829 Troica,
1220 1782 1397 1829 servant,

176 1834 290 1873 Vesta
309 1866 319 1886 ‚
352 1841 439 1873 tuos
458 1866 468 1886 ‚
501 1834 679 1884 laetoque
712 1834 828 1872 deum
860 1834 1027 1872 clamore
1060 1835 1257 1888 salutant3

177 1893 339 1943 Quaque
371 1905 441 1943 per
474 1892 654 1931 adversas
685 1894 793 1931 navis
825 1894 901 1932 cita
932 1893 1089 1932 ducitur
1121 1894 1268 1945 undas,

176 1952 281 1990 Tura
313 1963 433 2002 super
465 1952 569 2002 ripas
602 1952 678 1989 aris
711 1963 757 1989 ex
789 1951 924 1990 ordine
958 1952 1069 1990 factis

176 2010 291 2048 Parte
324 2009 370 2048 ab
403 2015 568 2060 utraque
601 2015 769 2061 sonant,
802 2016 841 2048 et
872 2010 1036 2049 odorant
1067 2013 1156 2049 aera
1186 2011 1328 2063 fumis,

89 2076 155 2107 735
177 2069 335 2119 Ictaque
368 2070 567 2107 coniectos
599 2068 794 2106 incalfacit
824 2068 951 2107 hostia
984 2068 1155 2108 cultros.

176 2127 333 2177 Iamque
367 2133 483 2178 caput
513 2138 647 2165 rerum
665 2158 676 2178 ‚
708 2126 920 2165 Romanam
951 2129 1163 2167 intraverat
1194 2127 1356 2168 urbem:

177 2185 352 2236 Erigitur
384 2197 548 2236 serpens
567 2216 577 2236 ,
611 2197 842 2236 summoque
874 2185 1035 2224 acclinia
1067 2186 1166 2225 malo

178 2243 282 2282 Colla
314 2250 472 2295 movet,
505 2243 696 2294 sedesque
729 2243 805 2282 sibi
837 2245 1104 2295 circumspicit
1136 2250 1266 2296 aptas.

177 2301 377 2341 Scinditur
408 2303 448 2340 in
480 2304 652 2353 geminas
683 2308 815 2353 partes
847 2303 1100 2342 circumfluus
1133 2305 1279 2356 amnis,

89 2368 156 2400 740
176 2360 306 2399 Insula
338 2372 480 2399 nomen
511 2360 656 2413 habet3
687 2361 931 2412 laterumque
964 2374 984 2400 e
1016 2368 1126 2413 parte
1158 2362 1325 2401 duorum
