1554 2563
566 128 651 164 VIII
666 156 674 173 ,
701 132 887 164 502—575
903 156 910 164 .
1032 141 1209 164 acm-:nous
1332 127 1415 169 165

193 239 289 279 Post
319 240 492 278 cinerem
525 240 679 278 cineres
711 237 872 277 haustos
904 238 950 277 ad
982 243 1141 290 pectora
1173 244 1376 290 pressant,

102 306 171 338 540
191 298 440 349 Adfusaeque
473 300 601 336 iacent
632 297 782 336 tumulo
802 328 813 349 ,
845 298 1073 348 signataque
1105 309 1196 335 saxo

190 357 353 396 Nomina
385 357 608 407 complexae
640 356 819 395 lacrimas
851 357 890 394 in
923 357 1078 394 nomina
1111 355 1302 395 fundunt.

191 416 295 462 Quas
326 415 582 454 Parthaoniae
616 414 772 453 tandem
803 414 963 453 Latonia
995 414 1102 453 clade

190 474 387 513 Exsatiata
419 474 558 512 domus
592 472 767 525 [praeter
799 473 1034 524 Gorgenque
1067 485 1291 524 nurumque

190 533 340 572 Nobilis
373 531 600 582 Alcmenae]
634 533 734 571 natis
766 533 806 571 in
838 544 1003 584 corpore
1034 533 1174 583 pennis

104 598 170 630 545
192 592 339 630 Allevat
371 597 411 630 et
441 591 574 642 longas
606 603 677 643 per
708 590 890 630 bracchia
922 592 1089 642 porrigit
1120 590 1198 629 alas

191 650 420 700 Corneaque
441 662 509 688 ora
530 651 622 689 facit
640 662 850 701 versasque
871 662 942 701 per
962 653 1051 688 aera
1072 650 1212 688 mittit.
1239 656 1268 684 1-
1282 656 1411 683 cxxviii·

249 708 403 748 Interea
434 708 612 748 Theseus
644 710 781 748 sociati
811 714 921 760 parte
954 708 1098 747 laboris

191 767 366 807 Functus
398 766 638 806 Erechtheas
670 767 897 807 Tritonidos
928 767 1008 806 ibat
1039 766 1086 805 ad
1118 778 1250 805 arces.

193 826 343 865 Clausit
373 827 449 865 iter
481 827 652 877 fecitque
685 838 813 865 moras
845 826 1039 865 Achelous
1072 827 1182 864 eunti

105 892 172 925 550
192 884 321 924 lmbre
359 891 517 924 tumens
536 916 545 925 .
584 882 768 924 ‘succede
806 886 904 923 meis
922 881 949 938 ,'
982 886 1035 923 ait
1075 881 1248 936 ‘inclite‚
1280 885 1418 935 tectis,

194 943 409 995 Cecropida
427 975 438 996 ‚
471 956 544 983 nec
576 949 614 982 te
647 945 846 983 committe
877 943 1083 995 rapacibus
1114 942 1254 982 undis.

196 1002 318 1041 Ferre
351 1002 482 1041 trabes
515 1002 658 1041 solidas
690 1002 925 1054 obliquaque
957 1002 1111 1041 volvere
1143 1012 1282 1052 magno

192 1061 395 1100 Murmure
428 1073 517 1100 saxa
550 1062 704 1100 solent.
742 1061 820 1100 vidi
851 1062 1095 1100 contermina
1126 1061 1234 1111 ripae

196 1120 294 1159 Cum
325 1119 509 1171 gregibus
543 1120 693 1160 stabula
725 1120 799 1159 alta
832 1119 962 1172 trahi3
994 1132 1067 1158 nec
1099 1118 1268 1157 fortibus
1299 1118 1377 1158 illic

109 1185 174 1217 555
195 1179 350 1218 Profuit
380 1180 567 1218 armentis
586 1211 597 1231 ,
628 1191 701 1218 nec
733 1179 845 1230 equis
876 1177 1077 1217 velocibus
1107 1189 1218 1216 esse.

195 1237 315 1276 Multa
347 1249 504 1288 quoque
536 1238 600 1277 hic
631 1243 788 1277 torrens
821 1236 975 1276 nivibus
1007 1236 1055 1275 de
1087 1241 1220 1275 monte
1253 1235 1390 1275 solutis

195 1295 368 1347 Corpora
399 1296 582 1335 turbineo
608 1296 798 1336 iuvenalia
829 1297 976 1335 vertice
1008 1296 1168 1334 mersit.

194 1354 334 1394 Tutior
366 1361 426 1393 est
456 1356 615 1406 requies
634 1387 646 1407 ‚
677 1355 790 1394 solito
824 1354 917 1394 dum
949 1355 1109 1393 flumina
1141 1360 1304 1393 currant

195 1413 334 1452 Limite
354 1444 365 1465 ,
396 1413 490 1452 dum
522 1420 662 1453 tenues
694 1415 820 1465 capiat
852 1426 947 1452 suus
979 1413 1110 1452 alveus
1142 1412 1289 1451 undas.

108 1479 175 1511 560
195 1473 343 1511 Annuit
373 1471 538 1522 Aegides
572 1469 675 1511 ‘utar
694 1469 720 1524 ‚⁹
754 1484 830 1523 que
863 1469 1046 1510 ‘Acheloe
1065 1503 1076 1523 ‚
1108 1470 1301 1522 domoque

196 1530 447 1581 Consilioque
478 1527 562 1569 tuo'
595 1530 826 1582 respondit.
865 1535 905 1569 et
935 1542 1032 1569 usus
1064 1535 1234 1580 utroque
1267 1535 1349 1568 est.

195 1589 356 1628 Pumice
389 1588 597 1628 multicavo
630 1601 702 1628 nec
733 1588 884 1628 levibus
916 1589 1011 1627 atria
1044 1587 1175 1640 tophis

199 1647 358 1687 Structa
390 1647 525 1687 subit:
557 1647 663 1686 molli
695 1647 811 1686 tellus
843 1653 926 1686 erat
957 1646 1088 1686 umida
1119 1658 1280 1698 musc03

200 1706 360 1745 Summa
392 1706 625 1746 lacunabant
657 1706 807 1745 alterno
839 1707 988 1745 murice
1021 1705 1215 1744 conchae.

112 1771 179 1803 565
199 1764 358 1816 Iamque
390 1765 486 1804 duas
518 1766 617 1805 lucis
649 1770 781 1817 partes
808 1764 1035 1816 Hyperione
1067 1775 1204 1803 menso

197 1823 441 1862 Discubuere
472 1826 571 1863 toris
603 1824 780 1862 Theseus
812 1825 1054 1874 comitesque
1085 1821 1286 1861 laborum:

198 1882 278 1920 Hac
310 1881 505 1922 Ixionides
524 1915 536 1935 ‚
566 1883 630 1921 illa
661 1882 901 1921 Troezenius
934 1881 1050 1920 heros

197 1941 313 1980 Parte
344 1940 461 1980 Lelex
479 1973 492 1994 ‚
522 1943 622 1980 raris
653 1943 730 1980 iam
761 1952 921 1992 sparsus
953 1946 1130 1991 tempora
1162 1940 1293 1991 canis,

199 1999 385 2051 Quosque
417 2000 512 2039 alios
543 1999 657 2052 parili
689 2000 817 2039 fuerat
848 1998 1029 2049 dignatus
1061 1998 1210 2036 honore

112 2065 179 2096 570
198 2059 333 2097 Amnis
364 2059 611 2098 Acarnanum
629 2090 640 2111 ‚
671 2058 908 2097 laetissimus
939 2057 1093 2108 hospite
1125 2061 1260 2095 tanto.

198 2116 384 2156 Protinus
415 2119 612 2169 appositas
644 2117 770 2156 nudae
802 2117 964 2166 vestigia
995 2114 1187 2167 nymphae

198 2174 426 2215 Instruxere
459 2176 584 2228 epulis
617 2187 800 2227 mensas,
832 2174 1075 2226 dapibusque
1107 2174 1270 2212 remotis

198 2234 242 2272 ln
273 2246 425 2285 gemma
455 2247 624 2286 posuere
657 2246 810 2273 merum
829 2264 838 2273 .
876 2239 961 2272 tum
992 2233 1184 2272 maximus
1215 2231 1358 2283 heros,

198 2293 379 2344 Aequora
409 2295 655 2345 prospiciens
687 2292 810 2332 oculis
843 2291 1048 2344 subiecta,
1080 2287 1199 2342 ‘quis’
1231 2292 1360 2341 inquit

114 2357 178 2389 5-''15
201 2347 284 2390 ‘lue
314 2350 425 2391 locus
444 2348 480 2391 “?'
513 2352 713 2403 digitoque
746 2350 946 2403 ostendit,
978 2357 1018 2390 et
1049 2347 1189 2389 ‘in-sula
1221 2360 1364 2388 nomen
