1554 2563
605 107 638 143 V
655 135 664 152 ,
690 112 876 144 282—355
890 135 898 143 .
1043 121 1220 144 ‘rn‘nozcs
1365 107 1419 150 97

199 218 304 258 Bella
336 219 441 258 canit
471 230 658 271 superum
691 218 866 270 falsoque
898 220 938 258 in
969 218 1118 258 honore
1152 218 1333 270 Gigantas

112 284 180 317 320
198 277 314 316 Ponit
332 309 343 330 ,
376 284 415 317 et
445 283 632 317 extenuat
662 289 892 328 magnorum
924 278 1024 316 sacta
1057 277 1244 317 deorum:

199 335 476 388 Emissumque
508 337 583 374 ima
615 335 663 375 de
695 336 787 375 sede
819 335 1002 387 Typhoea
1035 342 1162 375 terrae

201 394 412 434 Caelitibus
444 395 584 434 fecisse
615 400 763 433 metum
782 426 793 446 ,
826 401 1069 446 cunctosque
1102 393 1256 434 dedisse

199 453 325 504 Terga
358 453 470 504 fugae
489 484 500 506 ,
532 453 657 492 donec
690 454 814 492 sessos
839 454 1026 505 Aegyptia
1057 452 1173 492 tellus

201 511 357 563 Ceperit
389 518 428 550 et
459 517 610 563 septem
641 511 835 551 discretus
867 513 907 550 in
939 513 1038 551 ostia
1069 511 1203 551 Nilus.

112 577 180 610 325
201 569 286 609 Huc
318 581 474 621 quoque
506 571 744 621 terrigenam
776 571 928 609 venisse
960 570 1143 621 Typhoea
1174 575 1329 623 narrat,

199 628 249 667 Et
279 640 321 667 se
353 630 526 667 mentitis
559 641 723 680 superos
756 629 901 667 celasse
934 629 1093 680 figuris:
1300 636 1328 663 1.
1348 635 1423 662 lvii-

201 684 397 738 “Duxque
428 684 574 738 gregis'
607 687 703 726 dixit
736 684 793 726 ‘fit
826 687 1029 740 Iuppiter3
1068 687 1170 726 unde
1203 687 1382 726 recurvis

199 745 312 784 Nunc
332 757 489 797 quoque
509 746 698 785 formatus
719 745 834 797 Libys
855 752 915 784 est
929 758 1019 785 cum
1034 745 1219 785 cornibus
1234 746 1422 785 Ammon:

200 804 333 843 Delius
364 806 404 843 in
437 816 553 843 corvo
572 836 582 856 ,
615 804 744 856 proles
778 804 968 843 Semeleia
1000 816 1142 856 capr0‚

112 871 181 903 330
200 863 291 901 Fele
323 875 436 902 soror
467 862 616 901 Phoebi
634 894 645 915 ‚
677 865 786 901 nivea
820 863 1002 902 Saturnia
1034 875 1172 914 vacca,

199 921 311 960 Pisce
344 920 475 960 Venus
506 921 647 973 latuit,
680 921 876 973 Cyllenius
908 921 1023 960 ibidis
1056 921 1125 960 alis
1139 917 1181 960 .”

201 979 398 1019 Hactenus
431 979 476 1018 ad
510 980 698 1018 citharam
730 980 875 1019 vocalia
907 987 1082 1019 moverat
1107 991 1197 1018 ora.

200 1039 406 1078 Poscimur
437 1038 606 1077 Aonides
639 1060 694 1066 —
727 1038 795 1076 sed
828 1039 991 1077 forsitan
1024 1040 1100 1077 otia
1134 1049 1212 1076 non
1245 1038 1348 1089 sint,

201 1097 281 1136 Nec
314 1098 458 1136 nostris
490 1096 680 1149 praehere
713 1103 822 1136 vacet
854 1096 924 1136 tibi
956 1096 1135 1136 cantibus
1168 1107 1283 1135 aures
1297 1092 1333 1134 ‘P'

114 1164 180 1196 835
203 1154 273 1194 ‘Ne
306 1155 469 1208 dubita,
501 1161 754 1206 vestrumque
786 1155 881 1194 mihi
912 1156 1018 1194 refer
1050 1155 1187 1194 ordine
1219 1150 1393 1193 carmen'

202 1214 325 1253 Pallas
357 1215 439 1266 ait,
470 1216 721 1264 nemorisque
753 1214 828 1252 levi
860 1215 1038 1253 consedit
1068 1215 1109 1252 in
1141 1212 1302 1252 umbra.

203 1273 311 1311 Musa
342 1273 494 1312 refert:
527 1270 720 1311 ‘dedimus
753 1285 943 1312 summam
975 1273 1201 1311 certaminis
1234 1273 1326 1310 uni.

205 1332 367 1384 Surgit,
399 1337 439 1370 et
469 1332 652 1370 inmissos
685 1331 829 1370 hedera
862 1331 1023 1370 collecta
1056 1330 1215 1382 capillos

204 1389 373 1442 Calliope
406 1390 590 1441 querulas
621 1396 883 1441 praetemptat
913 1390 1052 1441 pollice
1086 1388 1274 1440 chordas,

116 1456 184 1488 340
204 1449 330 1500 Atque
362 1449 458 1487 haec
489 1450 688 1500 percussis
714 1448 916 1499 subiungit
947 1450 1118 1486 carmina
1150 1448 1303 1485 nervis.

204 1504 365 1545 “Prima
397 1506 515 1545 Ceres
547 1518 648 1545 unco
681 1506 853 1557 glaebam
887 1506 1047 1545 dimovit
1077 1512 1235 1557 aratro,

203 1566 333 1604 Prima
365 1565 470 1604 dedit
502 1566 634 1616 fruges
666 1564 924 1615 alimentaque
957 1566 1064 1603 mitia
1096 1565 1237 1615 terris,

204 1624 335 1663 Prima
366 1623 473 1662 dedit
503 1623 638 1674 leges:
670 1622 825 1662 Cereris
857 1629 949 1662 sunt
980 1625 1108 1662 omnia
1141 1633 1306 1661 munus.

206 1682 271 1721 Illa
303 1682 475 1721 canenda
507 1682 602 1720 mihi
634 1688 720 1720 est.
759 1684 907 1720 utinam
945 1681 1059 1720 modo
1098 1681 1228 1720 dicere
1273 1692 1429 1731 possem

119 1748 186 1780 345
208 1740 386 1779 Carmina
419 1741 534 1791 digna
566 1740 665 1779 dea:
698 1747 805 1778 certe
837 1740 907 1778 dea
941 1741 1111 1778 carmine
1144 1740 1258 1790 digna
1290 1745 1371 1779 est.

206 1798 319 1838 Vasta
351 1799 548 1850 Giganteis
579 1800 730 1850 ingesta
761 1804 821 1836 est
852 1798 977 1837 insula
1009 1797 1195 1836 membris

206 1857 406 1896 Trinacris
425 1890 436 1908 ‚
468 1864 507 1896 et
538 1859 686 1908 magnis
720 1856 940 1895 subiectum
972 1856 1139 1896 molibus
1171 1863 1314 1907 urguet

207 1916 408 1955 Aetherias
429 1928 567 1955 ausum
600 1928 758 1967 sperare
790 1915 972 1966 Typhoea
1005 1915 1140 1953 sedes.

207 1974 355 2014 Nititur
387 1974 449 2013 ille
483 1974 641 2026 quidem
660 2006 670 2024 ‚
703 1980 928 2025 pugnatque
961 1985 1170 2024 resurgere
1203 1985 1342 2024 saepe:

120 2040 189 2072 350
208 2032 351 2072 Dextra
383 2033 451 2071 sed
483 2034 654 2072 Ausonio
688 2045 825 2071 manus
858 2038 919 2070 est
950 2031 1125 2070 subiecta
1156 2030 1320 2083 Peloro,

208 2090 360 2144 Laeva,
392 2091 570 2142 Pachyne
590 2123 601 2143 ‚
632 2090 732 2130 tibi:
764 2090 946 2141 Lilybaeo
979 2102 1094 2129 crura
1126 2100 1384 2141 premuntur:

210 2149 398 2200 Degravat
429 2152 551 2188 Aetna
584 2155 728 2201 caput.
768 2149 840 2188 sub
874 2160 947 2199 qua
980 2150 1191 2199 resupinus
1224 2148 1387 2186 harenas

209 2207 388 2258 Eiectat,
419 2208 691 2259 flammamque
724 2208 831 2246 ferox
865 2209 984 2246 vomit
1015 2219 1083 2245 ore
1115 2206 1348 2258 Typhoeus.

210 2265 333 2318 Saepe
366 2266 540 2305 remolIri
571 2266 742 2304 luctatur
773 2265 946 2316 pondera
979 2272 1131 2318 terrae,

121 2331 189 2363 355
210 2323 438 2376 Oppidaque
470 2332 510 2364 et
540 2336 699 2375 magnos
732 2323 936 2363 devolvere
968 2336 1134 2376 corpore
1166 2329 1342 2363 montes:

163 2396 279 2423 ovm.
298 2397 350 2423 n.
1129 2393 1147 2425 7
