1554 2563
621 109 672 145 XI
686 137 695 154 ,
721 113 884 145 55—126
899 138 907 145 .
1075 123 1182 146 mnAs
1351 110 1435 152 219

146 228 191 260 00
212 220 259 259 At
292 219 447 260 Silenus
479 219 617 260 abest.
655 219 891 260 titubantem
924 221 1114 272 annisque
1146 232 1334 272 meroque

209 278 417 318 Ruricolae
450 291 590 330 cepere
622 278 796 330 Phryges
815 311 826 331 ‚
857 280 1111 330 vinctumque
1143 281 1299 318 coronis

208 337 265 376 Ad
298 350 433 389 regem
464 337 611 376 duxere
644 337 772 376 Midan
791 369 802 390 ,
835 338 899 377 cui
930 337 1121 377 Thracius
1154 338 1336 390 Orpheus

211 396 328 447 Orgia
358 396 573 435 tradiderat
605 408 694 435 cum
727 395 916 447 Cecropio
948 395 1163 448 Eumolpo.

210 454 286 500 Qui
317 454 434 494 simul
465 456 622 506 agnovit
652 455 802 494 socium
835 456 1096 506 comitemque
1129 467 1355 509 sacrorum,

145 521 189 553 95
210 513 384 565 Hospitis
417 513 584 552 adventu
616 513 760 552 festum
791 513 996 565 genialiter
1028 515 1107 565 egit

208 572 285 611 Per
316 572 377 611 bis
410 574 583 623 quinque
615 572 698 611 dies
731 578 771 611 et
802 574 956 611 iunctas
987 572 1124 611 ordine
1157 579 1317 613 noctes.

209 630 259 669 Et
290 632 366 669 iam
398 630 598 670 stellarum
631 630 797 669 sublime
831 637 1012 683 coegerat
1044 643 1182 682 agmen

208 689 367 729 Lucifer
399 689 631 728 undecimus
650 721 661 742 ,
693 689 820 740 Lydos
854 702 943 729 cum
975 690 1099 729 laetus
1131 692 1171 729 in
1204 702 1317 742 agros

209 748 292 787 Rex
322 750 458 800 venit,
491 754 530 787 et
559 749 691 787 iuveni
724 748 900 787 Silenum
932 748 1061 787 reddit
1092 748 1270 789 alumno.

123 815 189 847 100
208 807 309 846 Huic
341 806 438 846 deus
471 807 629 858 optandi
662 812 815 858 gratum
835 839 846 859 ‚
877 807 944 846 sed
978 807 1147 859 inutile,
1178 809 1273 847 fecit

208 866 383 905 Muneris
416 865 650 917 arbitrium,
684 865 857 917 gaudens
890 866 1013 905 altore
1045 872 1229 918 recepte.

208 924 306 977 Ille,
337 924 436 964 male
468 936 615 963 usurus
648 924 761 962 donis
780 956 790 976 ,
822 926 876 963 ait
907 922 1034 964 ‘effice
1052 957 1063 978 ‚
1096 925 1283 976 quicquid

210 983 384 1035 Corpore
417 985 618 1034 contigero
636 1014 649 1036 ‚
680 983 828 1022 fulvum
860 990 1036 1023 vertatur
1067 985 1107 1022 in
1140 996 1280 1023 aurum
1293 981 1318 1023 .’

210 1043 358 1081 Annuit
389 1044 531 1093 optatis
550 1074 561 1094 ‚
593 1043 850 1093 nocituraque
883 1054 1046 1081 munera
1078 1042 1193 1081 solvit

124 1108 189 1140 105
210 1100 328 1139 Liber
346 1132 357 1153 ‚
390 1106 429 1139 et
459 1100 655 1153 indoluit,
688 1100 792 1151 quod
823 1113 901 1139 non
934 1100 1094 1139 meliora
1124 1102 1311 1152 petisset.

210 1159 354 1199 Laetus
386 1159 466 1198 abit
497 1159 718 1210 gaudetque
750 1158 850 1198 malo
882 1158 1139 1211 Berecyntius
1171 1159 1312 1199 heros:

210 1217 457 1269 Pollicitique
489 1217 606 1257 fidem
637 1218 832 1269 tangendo
865 1218 1016 1269 singula
1048 1223 1235 1269 temptat.

213 1275 380 1328 [Vixque
413 1275 487 1315 sibi
519 1276 685 1315 credens
705 1308 716 1328 ,
748 1289 827 1315 non
860 1276 934 1316 alta
966 1277 1105 1316 fronde
1137 1275 1349 1327 virentem]

210 1335 302 1374 llice
336 1335 506 1374 detraxit
535 1337 712 1386 virgam:
745 1337 851 1386 virga
883 1347 1001 1374 aurea
1032 1335 1132 1375 facta
1165 1341 1247 1375 est.
1321 1343 1349 1370 f.
1372 1343 1421 1370 011<

126 1402 192 1435 110
211 1394 330 1433 Tollit
359 1394 479 1433 humo
512 1406 677 1433 saxum:
710 1405 845 1432 saxum
879 1406 1036 1445 quoque
1067 1393 1205 1446 palluit
1236 1406 1355 1434 auro,

213 1452 384 1504 Contigit
415 1458 455 1491 et
484 1452 688 1504 glaebam:
720 1458 902 1491 contactu
935 1451 1069 1504 glaeba
1099 1454 1253 1504 potenti

211 1511 337 1550 Massa
368 1511 438 1550 fit.
477 1516 633 1550 arentes
665 1510 820 1549 Cereris
853 1510 1051 1562 decerpsit
1082 1512 1244 1551 aristas:

211 1571 340 1609 Aurea
372 1571 511 1608 messis
544 1575 654 1608 erat.
694 1569 895 1621 demptum
925 1575 1035 1609 tenet
1067 1568 1206 1609 arbore
1237 1582 1421 1622 pomum:

212 1628 449 1680 Hesperidas
482 1628 647 1667 donasse
678 1633 793 1679 putes
813 1658 822 1666 .
861 1629 894 1667 si
924 1627 1104 1680 postibus
1137 1627 1225 1668 altis

127 1695 194 1728 115
214 1687 394 1727 Admovit
425 1687 566 1738 digitos
585 1718 596 1738 ‚
627 1692 761 1738 postes
793 1686 945 1725 radiare
978 1687 1183 1726 videntur.

212 1746 280 1785 Ille
313 1748 430 1785 etiam
461 1745 620 1796 liquidis
650 1745 797 1796 palmas
829 1744 896 1784 ubi
928 1745 1074 1785 laverat
1104 1745 1245 1798 undis,

212 1804 325 1844 Unda
356 1804 482 1843 fluens
513 1804 652 1856 palmis
683 1803 840 1843 Danaen
872 1803 1032 1843 eludere
1062 1810 1220 1856 posset.

212 1862 283 1902 Vix
316 1875 405 1915 spes
437 1864 520 1914 ipse
553 1874 643 1901 suas
675 1863 802 1901 animo
835 1864 966 1915 capit,
998 1874 1115 1902 aurea
1146 1863 1298 1914 fingens

100 1966 102 1968 v
215 1921 382 1961 Omnia.
420 1921 605 1972 gaudenti
636 1933 791 1960 mensas
822 1933 992 1972 posuere
1024 1922 1196 1960 ministri

129 1988 195 2021 120
214 1980 445 2019 Exstructas
477 1979 641 2031 dapibus
673 1992 746 2018 nec
777 1985 902 2018 tostae
934 1980 1059 2031 frugis
1090 1985 1274 2030 egentes:

214 2039 316 2078 Tum
347 2051 440 2077 vero
459 2071 470 2091 ‚
503 2040 582 2077 sive
615 2038 677 2077 ille
711 2050 780 2076 sua
813 2037 987 2076 Cerealia
1019 2038 1156 2076 dextra

214 2097 377 2137 Munera
408 2098 654 2149 contigerat,
686 2096 857 2136 Cerealia
888 2096 989 2135 dona
1020 2096 1228 2149 rigebant3

217 2156 305 2195 Sive
336 2156 456 2207 dapes
488 2155 598 2194 avido
632 2155 850 2194 convellere
883 2155 1001 2194 dente
1032 2154 1215 2207 parabat,

215 2213 415 2253 Lammina
446 2214 549 2253 fulva
581 2214 728 2266 dapes,
760 2213 914 2252 admoto
947 2213 1093 2265 dente,
1124 2212 1340 2265 premebat.

129 2280 196 2312 125
215 2273 427 2312 Miscuerat
456 2274 567 2325 puris
599 2278 800 2312 auctorem
832 2273 1008 2311 muneris
1040 2272 1180 2312 undis:

215 2331 345 2371 Fusile
376 2343 449 2384 per
479 2333 603 2371 rictus
636 2343 776 2371 aurum
806 2330 960 2370 fluitare
991 2330 1161 2372 videresl
