1554 2563
608 104 658 139 III
673 130 682 147 ,
708 107 894 138 362—434
910 132 918 139 .
1052 117 1234 140 mancusos
1377 103 1431 145 57

211 211 290 251 Vox
323 218 482 252 manet:
512 225 599 252 ossa
631 214 764 253 serunt
794 213 933 265 lapidis
959 215 1124 253 traxisse
1151 214 1335 265 figuram.

126 279 192 310 400
213 269 325 321 [Inde
356 271 450 310 latet
481 271 587 310 silvis
619 271 804 323 nulloque
836 273 876 311 in
908 278 1040 312 monte
1072 271 1250 324 videtur3

213 328 403 369 Omnibus
435 329 620 369 auditur.
660 342 780 369 sonus
807 336 896 383 est,
928 332 995 382 qui
1026 332 1120 370 vivit
1149 332 1190 370 in
1221 330 1284 370 illa
1299 329 1326 381 .]

271 387 336 427 Sic
367 388 467 427 hanc
485 419 496 441 ,
522 390 578 427 sic
611 388 702 428 alias
734 388 851 428 undis
882 395 950 428 aut
980 388 1179 429 montibus
1211 394 1316 428 ortas

212 445 378 485 Luserat
406 446 471 486 hic
503 447 721 500 nymphas,
753 449 810 487 sic
842 453 978 487 coetus
1011 454 1099 487 ante
1131 447 1285 487 viriles.

210 504 304 544 Inde
338 517 475 544 manus
507 505 646 556 aliquis
678 505 887 558 despectus
919 506 966 545 ad
999 506 1156 545 aethera
1188 505 1328 545 tollens

124 570 190 603 405
213 561 294 602 ‘Sic
326 569 429 603 amet
458 564 542 615 ipse
574 564 694 617 licet,
721 566 777 604 sic
807 577 885 604 non
917 567 1090 617 potiatur
1121 570 1246 604 amato
1262 561 1287 604 !'

212 621 400 662 Dixerat:
431 623 599 661 assensit
627 623 813 674 precibus
845 623 1083 663 Rhamnusia
1115 625 1251 663 iustis.

213 680 315 719 Fons
348 687 432 720 erat
462 680 606 720 inlimis
626 713 637 734 ,
668 682 802 722 nitidis
834 688 1046 734 argenteus
1078 682 1218 735 undis,

213 739 339 785 Quem
371 751 499 791 neque
530 746 708 791 pastores
740 752 868 792 neque
900 747 1033 793 pastae
1065 747 1198 780 monte
1231 739 1398 791 capellae

213 797 466 849 Contigerant
497 798 648 838 aliudve
680 811 802 851 pecus
820 831 831 852 ,
863 811 981 851 quem
1012 799 1118 840 nulla
1148 798 1318 838 volucris

125 863 193 896 410
211 855 292 895 Nec
324 856 406 895 fera
438 856 616 896 turbarat
647 869 720 897 nec
746 857 879 909 lapsus
910 857 957 897 ab
990 856 1130 897 arbore
1162 869 1317 896 ramus.

213 914 380 954 Gramen
413 922 497 954 erat
529 917 632 955 circa
650 947 661 968 ,
694 917 798 967 quod
829 918 1032 968 proximus
1064 928 1179 956 umor
1210 914 1359 966 alebat,

214 973 394 1025 Silvaque
426 973 506 1013 sole
538 974 668 1014 locum
699 987 863 1026 passura
893 981 1098 1027 tepescere
1129 974 1258 1014 nullo.

212 1031 283 1071 Hic
315 1044 414 1084 puer
446 1039 486 1072 et
516 1033 646 1072 studio
678 1033 844 1073 venandi
874 1033 1000 1073 lassus
1032 1040 1072 1073 et
1103 1038 1213 1072 aestu

212 1090 458 1143 Procubuit,
491 1092 707 1143 faciemque
739 1092 815 1131 loci
846 1092 1074 1143 fontemque
1107 1096 1289 1131 secutus.

125 1157 191 1188 415
213 1148 411 1201 [Dumque
443 1151 548 1189 sitim
580 1150 716 1189 sedare
749 1151 880 1202 cupit,
903 1152 989 1190 sitis
1021 1150 1141 1190 altera
1172 1148 1335 1199 crevit.]

212 1207 392 1259 Dumque
424 1207 522 1248 bibit
539 1240 551 1261 ,
582 1210 686 1248 visae
717 1215 924 1261 correptus
949 1210 1117 1261 imagine
1143 1209 1290 1248 formae

215 1265 354 1318 [Spem
385 1268 469 1306 sine
496 1279 662 1320 corpore
690 1274 820 1320 amat,
852 1280 996 1320 corpus
1034 1273 1147 1319 putat
1185 1279 1271 1307 esse
1291 1299 1301 1318 ,
1335 1264 1436 1317 quod

955 1326 1093 1365 umbra
1124 1331 1185 1366 est
1198 1324 1226 1375 .]

212 1384 404 1436 Adstupet
435 1387 518 1437 ipse
551 1384 626 1424 sibi
644 1417 655 1437 ,
687 1385 875 1436 vultuque
907 1386 1080 1424 inmotus
1112 1384 1249 1424 eodem

213 1442 385 1496 Haeret,
417 1449 462 1482 ut
493 1456 514 1482 e
545 1444 660 1483 Pario
692 1445 902 1483 formatum
933 1455 1128 1483 marmore
1160 1445 1336 1494 signum.

127 1509 194 1541 420
215 1502 375 1553 Spectat
406 1501 515 1541 humi
546 1503 697 1554 positus
729 1503 929 1553 geminum
948 1533 959 1555 ‚
991 1514 1061 1542 sua
1098 1502 1274 1553 lumina,
1307 1500 1438 1552 siduS,

213 1559 263 1599 Et
293 1560 431 1611 dignos
462 1560 614 1599 Baccho
633 1592 645 1613 ‚
677 1560 814 1612 dignos
847 1566 886 1599 et
916 1560 1093 1612 Apolline
1125 1561 1279 1612 crineS‚

214 1618 464 1670 Inpubesque
496 1631 614 1670 gena-s
632 1650 643 1671 ,
675 1626 715 1657 et
745 1618 918 1658 eburnea
950 1619 1047 1658 colla
1066 1650 1077 1671 ‚
1109 1618 1308 1669 decusque

215 1677 334 1730 Oris,
367 1684 405 1717 et
436 1678 476 1717 in
508 1679 621 1716 niveo
654 1679 819 1716 mixtum
851 1677 1020 1716 candore
1052 1676 1262 1729 ruborem;

215 1736 443 1788 Cunctaque
475 1737 670 1789 miratur,
702 1735 845 1787 quibus
878 1742 938 1775 est
969 1735 1157 1775 mirabilis
1190 1737 1298 1787 ipse.

126 1802 193 1834 425
215 1795 264 1835 Se
297 1796 404 1847 cupit
435 1794 651 1847 inprudens
684 1800 723 1833 et
753 1796 822 1846 qui
852 1793 992 1846 probat
1009 1826 1020 1848 ,
1051 1796 1135 1846 ipse
1166 1793 1379 1846 probatur,

214 1853 394 1905 Dumque
426 1855 552 1906 petit,
582 1854 731 1905 petitur
750 1885 761 1906 ‚
792 1855 1018 1905 pariterque
1038 1853 1217 1892 accendit
1236 1858 1275 1891 et
1306 1852 1436 1891 ardet.

215 1912 330 1952 Irrita
361 1911 486 1951 fallaci
518 1913 700 1964 quotiens
733 1911 839 1951 dedit
871 1911 1002 1951 oscula
1035 1910 1156 1951 fonti!

215 1971 258 2010 ln
290 1971 436 2010 medias
468 1972 650 2022 quotiens
682 1971 808 2010 visum
840 1972 1031 2022 captantia
1066 1969 1208 2009 collum

214 2029 401 2069 Bracchia
433 2031 570 2069 mersit
600 2041 748 2082 aquas,
781 2041 853 2069 nec
885 2041 927 2067 se
960 2028 1167 2080 deprendit
1198 2029 1237 2067 in
1268 2027 1366 2068 illis!

130 2096 195 2128 430
216 2088 317 2134 Quid
349 2088 505 2141 videat,
537 2090 691 2127 nescit:
723 2088 791 2127 sed
823 2087 927 2139 quod
959 2088 1092 2139 videt,
1123 2088 1253 2127 uritur
1272 2086 1361 2138 illo,

216 2148 342 2198 Atque
374 2146 508 2186 oculos
541 2147 673 2199 idem,
706 2148 774 2198 qui
806 2147 979 2198 decipit,
1011 2147 1149 2185 incitat
1179 2158 1313 2185 error.

216 2205 383 2245 Credule
402 2237 413 2258 ,
446 2205 538 2257 quid
571 2206 718 2245 frustra
751 2205 957 2244 simulacra
989 2205 1140 2256 fugacia
1172 2202 1338 2256 captas?

217 2263 329 2310 Quod
342 2265 468 2317 petis,
488 2270 549 2303 est
561 2276 778 2315 nusquam.
799 2263 902 2315 quod
917 2275 1041 2316 amaS,
1061 2270 1259 2316 avertere,
1273 2264 1436 2315 perdes.

216 2321 293 2362 Ista
324 2334 609 2375 repercussae,
641 2334 756 2374 quam
789 2323 948 2374 cernis,
979 2323 1158 2372 imaginis
1190 2321 1328 2361 umbra
1355 2326 1437 2361 est:
