<?xml version="1.0" encoding="UTF-8"?>
<!DOCTYPE html PUBLIC "-//W3C//DTD XHTML 1.0 Transitional//EN"
    "http://www.w3.org/TR/xhtml1/DTD/xhtml1-transitional.dtd">
<html xmlns="http://www.w3.org/1999/xhtml" xml:lang="en" lang="en">
 <head>
  <title>
</title>
<meta http-equiv="Content-Type" content="text/html;charset=utf-8" />
  <meta name='ocr-system' content='tesseract 3.04.00' />
  <meta name='ocr-capabilities' content='ocr_page ocr_carea ocr_par ocr_line ocrx_word'/>
</head>
<body>
  <div class='ocr_page' id='page_1' title='image "./operaovid02oviduoft_0321.png"; bbox 0 0 1554 2563; ppageno 0'>
   <div class='ocr_carea' id='block_1_1' title="bbox 560 121 1390 166">
    <p class='ocr_par' dir='ltr' id='par_1_1' title="bbox 560 121 1390 166">
     <span class='ocr_line' id='line_1_1' title="bbox 560 121 1390 166; baseline 0.002 -10"><span class='ocrx_word' id='word_1_1' title='bbox 560 121 628 157; x_wconf 87' lang='lat' dir='ltr'>XII</span> <span class='ocrx_word' id='word_1_2' title='bbox 646 150 654 166; x_wconf 86' lang='lat'>,</span> <span class='ocrx_word' id='word_1_3' title='bbox 681 125 867 157; x_wconf 78' lang='lat'>282-355</span> <span class='ocrx_word' id='word_1_4' title='bbox 884 149 891 156; x_wconf 89' lang='lat'><em>.</em></span> <span class='ocrx_word' id='word_1_5' title='bbox 1014 134 1186 157; x_wconf 64' lang='lat' dir='ltr'>merram</span> <span class='ocrx_word' id='word_1_6' title='bbox 1307 122 1390 163; x_wconf 75' lang='grc'>247</span> 
     </span>
    </p>
   </div>
   <div class='ocr_carea' id='block_1_2' title="bbox 45 231 1395 2393">
    <p class='ocr_par' dir='ltr' id='par_1_2' title="bbox 166 231 1109 283">
     <span class='ocr_line' id='line_1_2' title="bbox 166 231 1109 283; baseline 0.001 -13"><span class='ocrx_word' id='word_1_7' title='bbox 166 231 294 271; x_wconf 89' lang='lat' dir='ltr'>Fusus</span> <span class='ocrx_word' id='word_1_8' title='bbox 325 234 366 272; x_wconf 90' lang='lat' dir='ltr'>in</span> <span class='ocrx_word' id='word_1_9' title='bbox 398 231 564 271; x_wconf 80' lang='lat' dir='ltr'>Ossaeae</span> <span class='ocrx_word' id='word_1_10' title='bbox 597 231 742 271; x_wconf 80' lang='lat' dir='ltr'>villosis</span> <span class='ocrx_word' id='word_1_11' title='bbox 772 232 940 283; x_wconf 91' lang='lat' dir='ltr'>pellibus</span> <span class='ocrx_word' id='word_1_12' title='bbox 972 244 1109 271; x_wconf 81' lang='lat' dir='ltr'>ursae.</span> 
     </span>
    </p>

    <p class='ocr_par' dir='ltr' id='par_1_3' title="bbox 80 290 1393 578">
     <span class='ocr_line' id='line_1_3' title="bbox 80 290 1393 342; baseline 0 -13"><span class='ocrx_word' id='word_1_13' title='bbox 80 298 148 330; x_wconf 83' lang='lat'>320</span> <span class='ocrx_word' id='word_1_14' title='bbox 169 290 294 337; x_wconf 89' lang='lat' dir='ltr'>Quem</span> <span class='ocrx_word' id='word_1_15' title='bbox 326 290 464 342; x_wconf 89' lang='lat' dir='ltr'>procul</span> <span class='ocrx_word' id='word_1_16' title='bbox 495 297 540 329; x_wconf 93' lang='lat' dir='ltr'>ut</span> <span class='ocrx_word' id='word_1_17' title='bbox 570 290 665 329; x_wconf 86' lang='lat' dir='ltr'>vidit</span> <span class='ocrx_word' id='word_1_18' title='bbox 696 291 842 329; x_wconf 82' lang='lat' dir='ltr'>frustra</span> <span class='ocrx_word' id='word_1_19' title='bbox 874 290 979 330; x_wconf 91' lang='lat' dir='ltr'>nulla</span> <span class='ocrx_word' id='word_1_20' title='bbox 1012 303 1118 330; x_wconf 89' lang='lat' dir='ltr'>arma</span> <span class='ocrx_word' id='word_1_21' title='bbox 1150 298 1393 342; x_wconf 86' lang='lat' dir='ltr'>moventem,</span> 
     </span>
     <span class='ocr_line' id='line_1_4' title="bbox 167 346 1218 401; baseline 0 -13"><span class='ocrx_word' id='word_1_22' title='bbox 167 349 310 388; x_wconf 85' lang='lat' dir='ltr'>Inserit</span> <span class='ocrx_word' id='word_1_23' title='bbox 341 354 496 388; x_wconf 89' lang='lat' dir='ltr'>amento</span> <span class='ocrx_word' id='word_1_24' title='bbox 529 348 670 400; x_wconf 85' lang='lat' dir='ltr'>digitos</span> <span class='ocrx_word' id='word_1_25' title='bbox 689 381 700 401; x_wconf 86' lang='lat'><em>,</em></span> <span class='ocrx_word' id='word_1_26' title='bbox 733 346 979 389; x_wconf 77' lang='lat' dir='ltr'>“mi-scenda&#39;</span> <span class='ocrx_word' id='word_1_27' title='bbox 1013 361 1088 401; x_wconf 91' lang='lat' dir='ltr'>que</span> <span class='ocrx_word' id='word_1_28' title='bbox 1121 350 1218 388; x_wconf 83' lang='lat' dir='ltr'>dixit</span> 
     </span>
     <span class='ocr_line' id='line_1_5' title="bbox 167 404 1392 461; baseline 0 -14"><span class='ocrx_word' id='word_1_29' title='bbox 167 406 281 447; x_wconf 80' lang='lat' dir='ltr'>‘Cum</span> <span class='ocrx_word' id='word_1_30' title='bbox 309 407 426 459; x_wconf 81' lang='lat' dir='ltr'>Styge</span> <span class='ocrx_word' id='word_1_31' title='bbox 458 409 545 446; x_wconf 91' lang='lat' dir='ltr'>vina</span> <span class='ocrx_word' id='word_1_32' title='bbox 576 404 718 447; x_wconf 86' lang='lat' dir='ltr'>bibas’&#39;</span> <span class='ocrx_word' id='word_1_33' title='bbox 744 407 920 447; x_wconf 86' lang='lat' dir='ltr'>Phorbas</span> <span class='ocrx_word' id='word_1_34' title='bbox 939 440 950 461; x_wconf 89' lang='lat'><em>,</em></span> <span class='ocrx_word' id='word_1_35' title='bbox 982 420 1055 448; x_wconf 88' lang='lat' dir='ltr'>nec</span> <span class='ocrx_word' id='word_1_36' title='bbox 1080 408 1193 460; x_wconf 94' lang='lat' dir='ltr'>plura</span> <span class='ocrx_word' id='word_1_37' title='bbox 1219 414 1392 447; x_wconf 89' lang='lat' dir='ltr'>moratus</span> 
     </span>
     <span class='ocr_line' id='line_1_6' title="bbox 166 466 1187 519; baseline 0.001 -14"><span class='ocrx_word' id='word_1_38' title='bbox 166 467 210 505; x_wconf 85' lang='lat' dir='ltr'>In</span> <span class='ocrx_word' id='word_1_39' title='bbox 243 468 424 505; x_wconf 86' lang='lat' dir='ltr'>iuvenem</span> <span class='ocrx_word' id='word_1_40' title='bbox 455 468 571 505; x_wconf 89' lang='lat' dir='ltr'>torsit</span> <span class='ocrx_word' id='word_1_41' title='bbox 601 466 770 506; x_wconf 90' lang='lat' dir='ltr'>iaculum</span> <span class='ocrx_word' id='word_1_42' title='bbox 789 498 800 519; x_wconf 88' lang='lat'><em>,</em></span> <span class='ocrx_word' id='word_1_43' title='bbox 832 467 1055 518; x_wconf 82' lang='lat' dir='ltr'>ferrataque</span> <span class='ocrx_word' id='word_1_44' title='bbox 1089 466 1187 506; x_wconf 91' lang='lat' dir='ltr'>collo</span> 
     </span>
     <span class='ocr_line' id='line_1_7' title="bbox 170 525 1295 578; baseline 0 -14"><span class='ocrx_word' id='word_1_45' title='bbox 170 525 390 578; x_wconf 84' lang='lat' dir='ltr'>Fraxinus,</span> <span class='ocrx_word' id='word_1_46' title='bbox 423 531 466 564; x_wconf 93' lang='lat' dir='ltr'>ut</span> <span class='ocrx_word' id='word_1_47' title='bbox 498 537 591 564; x_wconf 89' lang='lat' dir='ltr'>casu</span> <span class='ocrx_word' id='word_1_48' title='bbox 623 527 743 564; x_wconf 90' lang='lat' dir='ltr'>iacuit</span> <span class='ocrx_word' id='word_1_49' title='bbox 773 527 986 578; x_wconf 86' lang='lat' dir='ltr'>resupinus</span> <span class='ocrx_word' id='word_1_50' title='bbox 1004 557 1016 578; x_wconf 81' lang='lat'><em>‚</em></span> <span class='ocrx_word' id='word_1_51' title='bbox 1048 525 1182 565; x_wconf 89' lang='lat' dir='ltr'>adacta</span> <span class='ocrx_word' id='word_1_52' title='bbox 1213 532 1295 565; x_wconf 91' lang='lat' dir='ltr'>est.</span> 
     </span>
    </p>

    <p class='ocr_par' dir='ltr' id='par_1_4' title="bbox 81 584 1395 871">
     <span class='ocr_line' id='line_1_8' title="bbox 81 584 1230 637; baseline 0.001 -15"><span class='ocrx_word' id='word_1_53' title='bbox 81 590 149 622; x_wconf 80' lang='lat'>325</span> <span class='ocrx_word' id='word_1_54' title='bbox 169 584 274 623; x_wconf 88' lang='lat' dir='ltr'>Mors</span> <span class='ocrx_word' id='word_1_55' title='bbox 306 585 433 623; x_wconf 90' lang='lat' dir='ltr'>caruit</span> <span class='ocrx_word' id='word_1_56' title='bbox 464 596 581 623; x_wconf 90' lang='lat' dir='ltr'>sensu</span> <span class='ocrx_word' id='word_1_57' title='bbox 602 616 613 637; x_wconf 87' lang='lat'><em>,</em></span> <span class='ocrx_word' id='word_1_58' title='bbox 644 584 839 636; x_wconf 88' lang='lat' dir='ltr'>plenoque</span> <span class='ocrx_word' id='word_1_59' title='bbox 873 597 893 623; x_wconf 91' lang='lat' dir='ltr'>e</span> <span class='ocrx_word' id='word_1_60' title='bbox 926 590 1084 636; x_wconf 84' lang='lat' dir='ltr'>gutture</span> <span class='ocrx_word' id='word_1_61' title='bbox 1117 584 1230 623; x_wconf 91' lang='lat' dir='ltr'>ssuxit</span> 
     </span>
     <span class='ocr_line' id='line_1_9' title="bbox 167 643 1286 695; baseline 0.001 -14"><span class='ocrx_word' id='word_1_62' title='bbox 167 643 290 694; x_wconf 87' lang='lat' dir='ltr'>Inque</span> <span class='ocrx_word' id='word_1_63' title='bbox 323 648 431 682; x_wconf 88' lang='lat' dir='ltr'>toros</span> <span class='ocrx_word' id='word_1_64' title='bbox 462 644 582 694; x_wconf 90' lang='lat' dir='ltr'>inque</span> <span class='ocrx_word' id='word_1_65' title='bbox 614 644 698 695; x_wconf 89' lang='lat' dir='ltr'>ipsa</span> <span class='ocrx_word' id='word_1_66' title='bbox 730 644 841 694; x_wconf 86' lang='lat' dir='ltr'>niger</span> <span class='ocrx_word' id='word_1_67' title='bbox 874 643 1074 682; x_wconf 90' lang='lat' dir='ltr'>carchesia</span> <span class='ocrx_word' id='word_1_68' title='bbox 1106 644 1286 694; x_wconf 83' lang='lat' dir='ltr'>sanguis.</span> 
     </span>
     <span class='ocr_line' id='line_1_10' title="bbox 165 701 1147 752; baseline 0 -12"><span class='ocrx_word' id='word_1_69' title='bbox 165 701 252 740; x_wconf 90' lang='lat' dir='ltr'>Vidi</span> <span class='ocrx_word' id='word_1_70' title='bbox 284 714 354 752; x_wconf 86' lang='lat' dir='ltr'>ego</span> <span class='ocrx_word' id='word_1_71' title='bbox 386 701 596 740; x_wconf 89' lang='lat' dir='ltr'>Petraeum</span> <span class='ocrx_word' id='word_1_72' title='bbox 628 708 834 741; x_wconf 86' lang='lat' dir='ltr'>conantem</span> <span class='ocrx_word' id='word_1_73' title='bbox 866 702 1009 741; x_wconf 88' lang='lat' dir='ltr'>vellere</span> <span class='ocrx_word' id='word_1_74' title='bbox 1041 707 1147 741; x_wconf 89' lang='lat' dir='ltr'>terra</span> 
     </span>
     <span class='ocr_line' id='line_1_11' title="bbox 168 759 1395 812; baseline 0 -14"><span class='ocrx_word' id='word_1_75' title='bbox 168 759 430 799; x_wconf 85' lang='lat' dir='ltr'>Glandiferam</span> <span class='ocrx_word' id='word_1_76' title='bbox 456 772 676 811; x_wconf 88' lang='lat' dir='ltr'>quercum:</span> <span class='ocrx_word' id='word_1_77' title='bbox 709 773 825 811; x_wconf 90' lang='lat' dir='ltr'>quam</span> <span class='ocrx_word' id='word_1_78' title='bbox 857 760 950 799; x_wconf 91' lang='lat' dir='ltr'>dum</span> <span class='ocrx_word' id='word_1_79' title='bbox 982 760 1249 812; x_wconf 87' lang='lat' dir='ltr'>complexibus</span> <span class='ocrx_word' id='word_1_80' title='bbox 1276 759 1395 799; x_wconf 87' lang='lat' dir='ltr'>ambit</span> 
     </span>
     <span class='ocr_line' id='line_1_12' title="bbox 166 818 1263 871; baseline 0 -14"><span class='ocrx_word' id='word_1_81' title='bbox 166 818 217 857; x_wconf 85' lang='lat' dir='ltr'>Et</span> <span class='ocrx_word' id='word_1_82' title='bbox 248 821 374 870; x_wconf 72' lang='lat' dir='ltr'>quatit</span> <span class='ocrx_word' id='word_1_83' title='bbox 404 819 481 857; x_wconf 90' lang='lat' dir='ltr'>huc</span> <span class='ocrx_word' id='word_1_84' title='bbox 512 818 605 858; x_wconf 84' lang='lat' dir='ltr'>illuc</span> <span class='ocrx_word' id='word_1_85' title='bbox 624 851 635 871; x_wconf 91' lang='lat'><em>‚</em></span> <span class='ocrx_word' id='word_1_86' title='bbox 667 819 934 871; x_wconf 82' lang='lat' dir='ltr'>labefactaque</span> <span class='ocrx_word' id='word_1_87' title='bbox 961 819 1103 858; x_wconf 90' lang='lat' dir='ltr'>robora</span> <span class='ocrx_word' id='word_1_88' title='bbox 1134 821 1263 871; x_wconf 87' lang='lat' dir='ltr'>iactat,</span> 
     </span>
    </p>

    <p class='ocr_par' dir='ltr' id='par_1_5' title="bbox 81 876 1323 1164">
     <span class='ocr_line' id='line_1_13' title="bbox 81 876 1047 917; baseline 0 0"><span class='ocrx_word' id='word_1_89' title='bbox 81 885 148 917; x_wconf 88' lang='lat'>330</span> <span class='ocrx_word' id='word_1_90' title='bbox 168 876 319 916; x_wconf 85' lang='lat' dir='ltr'>Lancea</span> <span class='ocrx_word' id='word_1_91' title='bbox 351 877 517 916; x_wconf 84' lang='lat' dir='ltr'>Pirithoi</span> <span class='ocrx_word' id='word_1_92' title='bbox 549 879 668 916; x_wconf 91' lang='lat' dir='ltr'>costis</span> <span class='ocrx_word' id='word_1_93' title='bbox 700 879 860 917; x_wconf 87' lang='lat' dir='ltr'>inmissa</span> <span class='ocrx_word' id='word_1_94' title='bbox 892 878 1047 917; x_wconf 84' lang='lat' dir='ltr'>Petraei</span> 
     </span>
     <span class='ocr_line' id='line_1_14' title="bbox 167 936 1115 976; baseline 0.001 -2"><span class='ocrx_word' id='word_1_95' title='bbox 167 936 332 975; x_wconf 87' lang='lat' dir='ltr'>Pectora</span> <span class='ocrx_word' id='word_1_96' title='bbox 365 948 455 975; x_wconf 88' lang='lat' dir='ltr'>cum</span> <span class='ocrx_word' id='word_1_97' title='bbox 486 936 586 975; x_wconf 89' lang='lat' dir='ltr'>duro</span> <span class='ocrx_word' id='word_1_98' title='bbox 618 936 804 976; x_wconf 88' lang='lat' dir='ltr'>luctantia</span> <span class='ocrx_word' id='word_1_99' title='bbox 835 937 977 975; x_wconf 87' lang='lat' dir='ltr'>robore</span> <span class='ocrx_word' id='word_1_100' title='bbox 1010 938 1115 976; x_wconf 87' lang='lat' dir='ltr'>fixit.</span> 
     </span>
     <span class='ocr_line' id='line_1_15' title="bbox 167 994 1144 1047; baseline 0.001 -14"><span class='ocrx_word' id='word_1_101' title='bbox 167 995 333 1033; x_wconf 89' lang='lat' dir='ltr'>Pirithoi</span> <span class='ocrx_word' id='word_1_102' title='bbox 364 996 508 1034; x_wconf 86' lang='lat' dir='ltr'>virtute</span> <span class='ocrx_word' id='word_1_103' title='bbox 541 994 689 1046; x_wconf 84' lang='lat' dir='ltr'>Lycum</span> <span class='ocrx_word' id='word_1_104' title='bbox 721 995 909 1035; x_wconf 89' lang='lat' dir='ltr'>cecidisse</span> <span class='ocrx_word' id='word_1_105' title='bbox 943 994 1144 1047; x_wconf 85' lang='lat' dir='ltr'>ferebant,</span> 
     </span>
     <span class='ocr_line' id='line_1_16' title="bbox 167 1053 1289 1105; baseline 0.002 -14"><span class='ocrx_word' id='word_1_106' title='bbox 167 1053 332 1092; x_wconf 89' lang='lat' dir='ltr'>Pirithoi</span> <span class='ocrx_word' id='word_1_107' title='bbox 365 1055 508 1092; x_wconf 91' lang='lat' dir='ltr'>virtute</span> <span class='ocrx_word' id='word_1_108' title='bbox 542 1053 727 1093; x_wconf 89' lang='lat' dir='ltr'>Chromin</span> <span class='ocrx_word' id='word_1_109' title='bbox 748 1085 756 1092; x_wconf 93' lang='lat'><strong>.</strong></span> <span class='ocrx_word' id='word_1_110' title='bbox 795 1054 863 1093; x_wconf 91' lang='lat' dir='ltr'>sed</span> <span class='ocrx_word' id='word_1_111' title='bbox 895 1059 1063 1105; x_wconf 91' lang='lat' dir='ltr'>uterque</span> <span class='ocrx_word' id='word_1_112' title='bbox 1096 1055 1289 1093; x_wconf 90' lang='lat' dir='ltr'>minorem</span> 
     </span>
     <span class='ocr_line' id='line_1_17' title="bbox 167 1111 1323 1164; baseline -0.001 -14"><span class='ocrx_word' id='word_1_113' title='bbox 167 1111 316 1151; x_wconf 89' lang='lat' dir='ltr'>Victori</span> <span class='ocrx_word' id='word_1_114' title='bbox 349 1112 506 1151; x_wconf 90' lang='lat' dir='ltr'>titulum</span> <span class='ocrx_word' id='word_1_115' title='bbox 538 1124 655 1163; x_wconf 90' lang='lat' dir='ltr'>quam</span> <span class='ocrx_word' id='word_1_116' title='bbox 686 1112 818 1164; x_wconf 85' lang='lat' dir='ltr'>Dictys</span> <span class='ocrx_word' id='word_1_117' title='bbox 850 1112 1073 1164; x_wconf 90' lang='lat' dir='ltr'>Helopsque</span> <span class='ocrx_word' id='word_1_118' title='bbox 1107 1111 1323 1151; x_wconf 89' lang='lat' dir='ltr'>dederunt.</span> 
     </span>
    </p>

    <p class='ocr_par' dir='ltr' id='par_1_6' title="bbox 82 1169 1335 1458">
     <span class='ocr_line' id='line_1_18' title="bbox 82 1169 1313 1223; baseline -0.001 -13"><span class='ocrx_word' id='word_1_119' title='bbox 82 1178 149 1210; x_wconf 86' lang='lat'>335</span> <span class='ocrx_word' id='word_1_120' title='bbox 170 1171 290 1209; x_wconf 86' lang='lat' dir='ltr'>Fixus</span> <span class='ocrx_word' id='word_1_121' title='bbox 321 1169 467 1222; x_wconf 93' lang='lat' dir='ltr'>Helops</span> <span class='ocrx_word' id='word_1_122' title='bbox 499 1171 654 1223; x_wconf 87' lang='lat' dir='ltr'>iaculo,</span> <span class='ocrx_word' id='word_1_123' title='bbox 687 1171 791 1222; x_wconf 75' lang='lat' dir='ltr'>quod</span> <span class='ocrx_word' id='word_1_124' title='bbox 822 1172 956 1222; x_wconf 91' lang='lat' dir='ltr'>pervia</span> <span class='ocrx_word' id='word_1_125' title='bbox 987 1176 1165 1222; x_wconf 88' lang='lat' dir='ltr'>tempora</span> <span class='ocrx_word' id='word_1_126' title='bbox 1196 1171 1313 1222; x_wconf 78' lang='lat' dir='ltr'>fecit,</span> 
     </span>
     <span class='ocr_line' id='line_1_19' title="bbox 171 1229 1335 1280; baseline 0 -13"><span class='ocrx_word' id='word_1_127' title='bbox 171 1229 221 1267; x_wconf 84' lang='lat' dir='ltr'>Et</span> <span class='ocrx_word' id='word_1_128' title='bbox 251 1230 415 1268; x_wconf 90' lang='lat' dir='ltr'>missum</span> <span class='ocrx_word' id='word_1_129' title='bbox 448 1241 468 1267; x_wconf 89' lang='lat' dir='ltr'>a</span> <span class='ocrx_word' id='word_1_130' title='bbox 500 1229 636 1268; x_wconf 89' lang='lat' dir='ltr'>dextra</span> <span class='ocrx_word' id='word_1_131' title='bbox 668 1229 814 1268; x_wconf 90' lang='lat' dir='ltr'>laevam</span> <span class='ocrx_word' id='word_1_132' title='bbox 845 1231 1066 1280; x_wconf 86' lang='lat' dir='ltr'>penetravit</span> <span class='ocrx_word' id='word_1_133' title='bbox 1098 1229 1145 1268; x_wconf 91' lang='lat' dir='ltr'>ad</span> <span class='ocrx_word' id='word_1_134' title='bbox 1178 1241 1335 1268; x_wconf 88' lang='lat' dir='ltr'>aurem.</span> 
     </span>
     <span class='ocr_line' id='line_1_20' title="bbox 168 1287 1195 1339; baseline 0.001 -13"><span class='ocrx_word' id='word_1_135' title='bbox 168 1287 300 1339; x_wconf 90' lang='lat' dir='ltr'>Dictys</span> <span class='ocrx_word' id='word_1_136' title='bbox 332 1287 379 1326; x_wconf 93' lang='lat' dir='ltr'>ab</span> <span class='ocrx_word' id='word_1_137' title='bbox 412 1289 572 1339; x_wconf 88' lang='lat' dir='ltr'>ancipiti</span> <span class='ocrx_word' id='word_1_138' title='bbox 603 1287 784 1339; x_wconf 86' lang='lat' dir='ltr'>delapsus</span> <span class='ocrx_word' id='word_1_139' title='bbox 817 1290 995 1327; x_wconf 85' lang='lat' dir='ltr'>acumine</span> <span class='ocrx_word' id='word_1_140' title='bbox 1027 1289 1195 1339; x_wconf 84' lang='lat' dir='ltr'>montiS,</span> 
     </span>
     <span class='ocr_line' id='line_1_21' title="bbox 168 1346 1230 1398; baseline 0 -14"><span class='ocrx_word' id='word_1_141' title='bbox 168 1346 269 1385; x_wconf 91' lang='lat' dir='ltr'>Dum</span> <span class='ocrx_word' id='word_1_142' title='bbox 301 1347 401 1397; x_wconf 83' lang='lat' dir='ltr'>fugit</span> <span class='ocrx_word' id='word_1_143' title='bbox 431 1348 643 1386; x_wconf 89' lang='lat' dir='ltr'>instantem</span> <span class='ocrx_word' id='word_1_144' title='bbox 674 1346 874 1398; x_wconf 87' lang='lat' dir='ltr'>trepidans</span> <span class='ocrx_word' id='word_1_145' title='bbox 906 1347 1039 1386; x_wconf 87' lang='lat' dir='ltr'>Ixione</span> <span class='ocrx_word' id='word_1_146' title='bbox 1073 1352 1230 1398; x_wconf 82' lang='lat' dir='ltr'>natum,</span> 
     </span>
     <span class='ocr_line' id='line_1_22' title="bbox 168 1404 1300 1458; baseline 0 -15"><span class='ocrx_word' id='word_1_147' title='bbox 168 1404 320 1443; x_wconf 92' lang='lat' dir='ltr'>Decidit</span> <span class='ocrx_word' id='word_1_148' title='bbox 350 1406 391 1443; x_wconf 92' lang='lat' dir='ltr'>in</span> <span class='ocrx_word' id='word_1_149' title='bbox 422 1417 641 1458; x_wconf 83' lang='lat' dir='ltr'>praeceps,</span> <span class='ocrx_word' id='word_1_150' title='bbox 673 1411 712 1444; x_wconf 91' lang='lat' dir='ltr'>et</span> <span class='ocrx_word' id='word_1_151' title='bbox 742 1405 916 1457; x_wconf 92' lang='lat' dir='ltr'>pondere</span> <span class='ocrx_word' id='word_1_152' title='bbox 948 1407 1127 1456; x_wconf 88' lang='lat' dir='ltr'>corporis</span> <span class='ocrx_word' id='word_1_153' title='bbox 1158 1416 1300 1443; x_wconf 83' lang='lat' dir='ltr'>ornum</span> 
     </span>
    </p>

    <p class='ocr_par' dir='ltr' id='par_1_7' title="bbox 81 1463 1394 1750">
     <span class='ocr_line' id='line_1_23' title="bbox 81 1463 1183 1516; baseline 0 -14"><span class='ocrx_word' id='word_1_154' title='bbox 81 1463 372 1514; x_wconf 84' lang='lat' dir='ltr'>3401ngentem</span> <span class='ocrx_word' id='word_1_155' title='bbox 404 1463 549 1516; x_wconf 77' lang='lat' dir='ltr'>fregit,</span> <span class='ocrx_word' id='word_1_156' title='bbox 581 1475 728 1514; x_wconf 90' lang='lat' dir='ltr'>suaque</span> <span class='ocrx_word' id='word_1_157' title='bbox 760 1464 889 1502; x_wconf 88' lang='lat' dir='ltr'>induit</span> <span class='ocrx_word' id='word_1_158' title='bbox 919 1464 983 1502; x_wconf 92' lang='lat' dir='ltr'>ilia</span> <span class='ocrx_word' id='word_1_159' title='bbox 1015 1464 1183 1502; x_wconf 86' lang='lat' dir='ltr'>fractae.</span> 
     </span>
     <span class='ocr_line' id='line_1_24' title="bbox 168 1521 1394 1573; baseline 0 -13"><span class='ocrx_word' id='word_1_160' title='bbox 168 1521 280 1561; x_wconf 71' lang='lat' dir='ltr'>U‘ltor</span> <span class='ocrx_word' id='word_1_161' title='bbox 312 1521 422 1560; x_wconf 89' lang='lat' dir='ltr'>adest</span> <span class='ocrx_word' id='word_1_162' title='bbox 452 1521 655 1573; x_wconf 88' lang='lat' dir='ltr'>Aphareus</span> <span class='ocrx_word' id='word_1_163' title='bbox 674 1553 685 1573; x_wconf 90' lang='lat'><em>‚</em></span> <span class='ocrx_word' id='word_1_164' title='bbox 717 1534 932 1573; x_wconf 87' lang='lat' dir='ltr'>saxumque</span> <span class='ocrx_word' id='word_1_165' title='bbox 971 1534 992 1560; x_wconf 91' lang='lat' dir='ltr'>e</span> <span class='ocrx_word' id='word_1_166' title='bbox 1024 1528 1156 1561; x_wconf 90' lang='lat' dir='ltr'>monte</span> <span class='ocrx_word' id='word_1_167' title='bbox 1196 1521 1394 1561; x_wconf 87' lang='lat' dir='ltr'>revulsum</span> 
     </span>
     <span class='ocr_line' id='line_1_25' title="bbox 168 1580 1159 1631; baseline 0 -12"><span class='ocrx_word' id='word_1_168' title='bbox 168 1580 323 1619; x_wconf 90' lang='lat' dir='ltr'>Mittere</span> <span class='ocrx_word' id='word_1_169' title='bbox 357 1586 549 1619; x_wconf 88' lang='lat' dir='ltr'>conatur.</span> <span class='ocrx_word' id='word_1_170' title='bbox 588 1582 810 1619; x_wconf 90' lang='lat' dir='ltr'>mittentem</span> <span class='ocrx_word' id='word_1_171' title='bbox 842 1582 974 1631; x_wconf 90' lang='lat' dir='ltr'>stipite</span> <span class='ocrx_word' id='word_1_172' title='bbox 1008 1592 1159 1631; x_wconf 89' lang='lat' dir='ltr'>querno</span> 
     </span>
     <span class='ocr_line' id='line_1_26' title="bbox 170 1638 1185 1692; baseline 0.001 -15"><span class='ocrx_word' id='word_1_173' title='bbox 170 1638 346 1690; x_wconf 89' lang='lat' dir='ltr'>Occupat</span> <span class='ocrx_word' id='word_1_174' title='bbox 376 1638 542 1690; x_wconf 85' lang='lat' dir='ltr'>Aegides</span> <span class='ocrx_word' id='word_1_175' title='bbox 560 1671 572 1692; x_wconf 86' lang='lat'><em>‚</em></span> <span class='ocrx_word' id='word_1_176' title='bbox 604 1638 805 1690; x_wconf 88' lang='lat' dir='ltr'>cubitique</span> <span class='ocrx_word' id='word_1_177' title='bbox 836 1640 1010 1690; x_wconf 82' lang='lat' dir='ltr'>ingentia</span> <span class='ocrx_word' id='word_1_178' title='bbox 1041 1640 1185 1690; x_wconf 85' lang='lat' dir='ltr'>frangit</span> 
     </span>
     <span class='ocr_line' id='line_1_27' title="bbox 170 1697 1183 1750; baseline 0 -14"><span class='ocrx_word' id='word_1_179' title='bbox 170 1697 297 1750; x_wconf 88' lang='lat' dir='ltr'>Ossa;</span> <span class='ocrx_word' id='word_1_180' title='bbox 329 1709 402 1736; x_wconf 93' lang='lat' dir='ltr'>nec</span> <span class='ocrx_word' id='word_1_181' title='bbox 434 1697 602 1737; x_wconf 90' lang='lat' dir='ltr'>ulterius</span> <span class='ocrx_word' id='word_1_182' title='bbox 634 1697 726 1736; x_wconf 88' lang='lat' dir='ltr'>dare</span> <span class='ocrx_word' id='word_1_183' title='bbox 759 1709 903 1749; x_wconf 89' lang='lat' dir='ltr'>corpus</span> <span class='ocrx_word' id='word_1_184' title='bbox 934 1697 1072 1736; x_wconf 88' lang='lat' dir='ltr'>inutile</span> <span class='ocrx_word' id='word_1_185' title='bbox 1104 1697 1183 1737; x_wconf 89' lang='lat' dir='ltr'>leto</span> 
     </span>
    </p>

    <p class='ocr_par' dir='ltr' id='par_1_8' title="bbox 81 1755 1219 1809">
     <span class='ocr_line' id='line_1_28' title="bbox 81 1755 1219 1809; baseline 0.001 -15"><span class='ocrx_word' id='word_1_186' title='bbox 81 1763 149 1795; x_wconf 82' lang='lat'>345</span> <span class='ocrx_word' id='word_1_187' title='bbox 170 1756 247 1795; x_wconf 87' lang='lat' dir='ltr'>Aut</span> <span class='ocrx_word' id='word_1_188' title='bbox 277 1762 415 1809; x_wconf 86' lang='lat' dir='ltr'>vacat,</span> <span class='ocrx_word' id='word_1_189' title='bbox 447 1762 513 1795; x_wconf 92' lang='lat' dir='ltr'>aut</span> <span class='ocrx_word' id='word_1_190' title='bbox 545 1763 687 1808; x_wconf 85' lang='lat' dir='ltr'>curat,</span> <span class='ocrx_word' id='word_1_191' title='bbox 719 1762 909 1807; x_wconf 86' lang='lat' dir='ltr'>tergoque</span> <span class='ocrx_word' id='word_1_192' title='bbox 941 1755 1120 1795; x_wconf 86' lang='lat' dir='ltr'>Bienoris</span> <span class='ocrx_word' id='word_1_193' title='bbox 1153 1755 1219 1795; x_wconf 90' lang='lat' dir='ltr'>alti</span> 
     </span>
    </p>

    <p class='ocr_par' dir='ltr' id='par_1_9' title="bbox 45 1814 1354 2042">
     <span class='ocr_line' id='line_1_29' title="bbox 45 1814 1354 1867; baseline 0.001 -14"><span class='ocrx_word' id='word_1_194' title='bbox 45 1817 47 1819; x_wconf 83' lang='grc'><strong>’</strong></span> <span class='ocrx_word' id='word_1_195' title='bbox 168 1814 323 1867; x_wconf 83' lang='lat' dir='ltr'>Insilit,</span> <span class='ocrx_word' id='word_1_196' title='bbox 354 1814 457 1854; x_wconf 90' lang='lat' dir='ltr'>haud</span> <span class='ocrx_word' id='word_1_197' title='bbox 490 1814 603 1854; x_wconf 87' lang='lat' dir='ltr'>solito</span> <span class='ocrx_word' id='word_1_198' title='bbox 636 1826 872 1866; x_wconf 86' lang='lat' dir='ltr'>quemquam</span> <span class='ocrx_word' id='word_1_199' title='bbox 902 1820 1061 1866; x_wconf 87' lang='lat' dir='ltr'>portare</span> <span class='ocrx_word' id='word_1_200' title='bbox 1093 1815 1170 1854; x_wconf 90' lang='lat' dir='ltr'>nisi</span> <span class='ocrx_word' id='word_1_201' title='bbox 1200 1816 1354 1867; x_wconf 83' lang='lat' dir='ltr'>ipsum3</span> 
     </span>
     <span class='ocr_line' id='line_1_30' title="bbox 172 1873 1248 1925; baseline 0 -13"><span class='ocrx_word' id='word_1_202' title='bbox 172 1873 444 1925; x_wconf 83' lang='lat' dir='ltr'>Opposuitque</span> <span class='ocrx_word' id='word_1_203' title='bbox 477 1886 580 1924; x_wconf 84' lang='lat' dir='ltr'>genu</span> <span class='ocrx_word' id='word_1_204' title='bbox 613 1874 732 1912; x_wconf 89' lang='lat' dir='ltr'>costis</span> <span class='ocrx_word' id='word_1_205' title='bbox 751 1905 762 1925; x_wconf 87' lang='lat'><em>,</em></span> <span class='ocrx_word' id='word_1_206' title='bbox 794 1885 1057 1924; x_wconf 86' lang='lat' dir='ltr'>prensamque</span> <span class='ocrx_word' id='word_1_207' title='bbox 1090 1873 1248 1912; x_wconf 87' lang='lat' dir='ltr'>sinistra</span> 
     </span>
     <span class='ocr_line' id='line_1_31' title="bbox 169 1931 1240 1985; baseline 0 -15"><span class='ocrx_word' id='word_1_208' title='bbox 169 1931 390 1971; x_wconf 87' lang='lat' dir='ltr'>Caesariem</span> <span class='ocrx_word' id='word_1_209' title='bbox 422 1933 598 1971; x_wconf 87' lang='lat' dir='ltr'>retinens</span> <span class='ocrx_word' id='word_1_210' title='bbox 617 1963 629 1985; x_wconf 81' lang='lat'>,</span> <span class='ocrx_word' id='word_1_211' title='bbox 660 1931 811 1970; x_wconf 85' lang='lat' dir='ltr'>vultum</span> <span class='ocrx_word' id='word_1_212' title='bbox 841 1933 1140 1982; x_wconf 86' lang='lat' dir='ltr'>minitantiaque</span> <span class='ocrx_word' id='word_1_213' title='bbox 1172 1943 1240 1970; x_wconf 78' lang='lat' dir='ltr'>ora</span> 
     </span>
     <span class='ocr_line' id='line_1_32' title="bbox 168 1989 1189 2042; baseline -0.001 -13"><span class='ocrx_word' id='word_1_214' title='bbox 168 1989 324 2029; x_wconf 89' lang='lat' dir='ltr'>Robore</span> <span class='ocrx_word' id='word_1_215' title='bbox 356 1990 505 2030; x_wconf 90' lang='lat' dir='ltr'>nodoso</span> <span class='ocrx_word' id='word_1_216' title='bbox 537 1990 809 2042; x_wconf 89' lang='lat' dir='ltr'>praeduraque</span> <span class='ocrx_word' id='word_1_217' title='bbox 841 1995 1018 2041; x_wconf 87' lang='lat' dir='ltr'>tempora</span> <span class='ocrx_word' id='word_1_218' title='bbox 1050 1990 1189 2041; x_wconf 84' lang='lat' dir='ltr'>fregit.</span> 
     </span>
    </p>

    <p class='ocr_par' dir='ltr' id='par_1_10' title="bbox 81 2048 1360 2333">
     <span class='ocr_line' id='line_1_33' title="bbox 81 2048 1171 2101; baseline -0.002 -13"><span class='ocrx_word' id='word_1_219' title='bbox 81 2056 150 2088; x_wconf 78' lang='lat'>350</span> <span class='ocrx_word' id='word_1_220' title='bbox 169 2048 325 2088; x_wconf 91' lang='lat' dir='ltr'>Robore</span> <span class='ocrx_word' id='word_1_221' title='bbox 357 2049 603 2101; x_wconf 89' lang='lat' dir='ltr'>Nedymnum</span> <span class='ocrx_word' id='word_1_222' title='bbox 635 2048 967 2099; x_wconf 89' lang='lat' dir='ltr'>iaculatoremque</span> <span class='ocrx_word' id='word_1_223' title='bbox 999 2048 1171 2099; x_wconf 90' lang='lat' dir='ltr'>Lycotan</span> 
     </span>
     <span class='ocr_line' id='line_1_34' title="bbox 170 2106 1208 2160; baseline -0.001 -14"><span class='ocrx_word' id='word_1_224' title='bbox 170 2107 349 2160; x_wconf 89' lang='lat' dir='ltr'>Sternit,</span> <span class='ocrx_word' id='word_1_225' title='bbox 382 2114 421 2147; x_wconf 93' lang='lat' dir='ltr'>et</span> <span class='ocrx_word' id='word_1_226' title='bbox 451 2109 612 2147; x_wconf 90' lang='lat' dir='ltr'>inmissa</span> <span class='ocrx_word' id='word_1_227' title='bbox 642 2112 866 2158; x_wconf 87' lang='lat' dir='ltr'>protectum</span> <span class='ocrx_word' id='word_1_228' title='bbox 895 2112 1057 2158; x_wconf 90' lang='lat' dir='ltr'>pectora</span> <span class='ocrx_word' id='word_1_229' title='bbox 1088 2106 1208 2145; x_wconf 90' lang='lat' dir='ltr'>barba</span> 
     </span>
     <span class='ocr_line' id='line_1_35' title="bbox 169 2164 1240 2219; baseline -0.002 -14"><span class='ocrx_word' id='word_1_230' title='bbox 169 2165 368 2217; x_wconf 87' lang='lat' dir='ltr'>Hippason</span> <span class='ocrx_word' id='word_1_231' title='bbox 387 2198 398 2219; x_wconf 85' lang='lat'><em>,</em></span> <span class='ocrx_word' id='word_1_232' title='bbox 431 2172 470 2205; x_wconf 92' lang='lat' dir='ltr'>et</span> <span class='ocrx_word' id='word_1_233' title='bbox 502 2167 665 2205; x_wconf 89' lang='lat' dir='ltr'>summis</span> <span class='ocrx_word' id='word_1_234' title='bbox 698 2171 896 2204; x_wconf 83' lang='lat' dir='ltr'>extantem</span> <span class='ocrx_word' id='word_1_235' title='bbox 928 2164 1077 2217; x_wconf 88' lang='lat' dir='ltr'>Riphea</span> <span class='ocrx_word' id='word_1_236' title='bbox 1109 2165 1240 2218; x_wconf 85' lang='lat' dir='ltr'>silvis,</span> 
     </span>
     <span class='ocr_line' id='line_1_36' title="bbox 168 2223 1360 2277; baseline 0.001 -15"><span class='ocrx_word' id='word_1_237' title='bbox 168 2224 399 2276; x_wconf 88' lang='lat' dir='ltr'>Thereaque</span> <span class='ocrx_word' id='word_1_238' title='bbox 418 2256 430 2277; x_wconf 84' lang='lat'><em>‚</em></span> <span class='ocrx_word' id='word_1_239' title='bbox 461 2224 686 2263; x_wconf 88' lang='lat' dir='ltr'>Haemoniis</span> <span class='ocrx_word' id='word_1_240' title='bbox 719 2225 786 2274; x_wconf 92' lang='lat' dir='ltr'>qui</span> <span class='ocrx_word' id='word_1_241' title='bbox 816 2235 982 2275; x_wconf 89' lang='lat' dir='ltr'>prensos</span> <span class='ocrx_word' id='word_1_242' title='bbox 1014 2223 1213 2263; x_wconf 88' lang='lat' dir='ltr'>montibus</span> <span class='ocrx_word' id='word_1_243' title='bbox 1245 2236 1360 2263; x_wconf 81' lang='lat' dir='ltr'>ursos</span> 
     </span>
     <span class='ocr_line' id='line_1_37' title="bbox 168 2281 1182 2333; baseline 0.002 -13"><span class='ocrx_word' id='word_1_244' title='bbox 168 2282 290 2322; x_wconf 90' lang='lat' dir='ltr'>Ferre</span> <span class='ocrx_word' id='word_1_245' title='bbox 322 2283 481 2322; x_wconf 88' lang='lat' dir='ltr'>domum</span> <span class='ocrx_word' id='word_1_246' title='bbox 513 2285 619 2321; x_wconf 90' lang='lat' dir='ltr'>vivos</span> <span class='ocrx_word' id='word_1_247' title='bbox 651 2282 978 2333; x_wconf 84' lang='lat' dir='ltr'>indignantesque</span> <span class='ocrx_word' id='word_1_248' title='bbox 1012 2281 1182 2322; x_wconf 84' lang='lat' dir='ltr'>solebat.</span> 
     </span>
    </p>

    <p class='ocr_par' dir='ltr' id='par_1_11' title="bbox 81 2340 1212 2393">
     <span class='ocr_line' id='line_1_38' title="bbox 81 2340 1212 2393; baseline -0.001 -13"><span class='ocrx_word' id='word_1_249' title='bbox 81 2348 148 2381; x_wconf 83' lang='lat'>355</span> <span class='ocrx_word' id='word_1_250' title='bbox 169 2340 281 2380; x_wconf 89' lang='lat' dir='ltr'>Haud</span> <span class='ocrx_word' id='word_1_251' title='bbox 312 2341 402 2380; x_wconf 87' lang='lat' dir='ltr'>tulit</span> <span class='ocrx_word' id='word_1_252' title='bbox 434 2347 610 2380; x_wconf 88' lang='lat' dir='ltr'>utentem</span> <span class='ocrx_word' id='word_1_253' title='bbox 641 2353 794 2393; x_wconf 84' lang='lat' dir='ltr'>pugnae</span> <span class='ocrx_word' id='word_1_254' title='bbox 828 2340 1078 2380; x_wconf 88' lang='lat' dir='ltr'>successibus</span> <span class='ocrx_word' id='word_1_255' title='bbox 1109 2340 1212 2380; x_wconf 88' lang='lat' dir='ltr'>ultra</span> 
     </span>
    </p>
   </div>
  </div>
 </body>
</html>
