1554 2563
447 83 542 128 XII,
567 83 792 128 577-ΧΙΙΙ,
820 89 861 118 17
877 113 885 120 .
935 97 1095 120 acanus
1114 97 1209 120 ARMA
1258 84 1343 126 255

116 195 304 234 Arserat.
343 200 513 234 armarat
542 194 640 234 deus
671 194 774 233 idern
792 226 804 247 ,
836 194 1018 246 idemque
1051 201 1265 234 cremarat.

28 260 96 292 615
116 253 197 292 Iam
228 254 327 292 cinis
360 258 448 306 est;
481 258 520 292 et
551 252 598 292 de
630 258 709 292 tam
741 265 880 305 magno
912 259 1036 293 restat
1066 254 1212 293 Achille

115 311 256 351 Nescio
284 311 378 363 quid
396 343 408 365 ‚
432 324 591 364 parvam
617 311 722 363 quod
748 324 827 351 non
847 312 946 351 bene
969 313 1162 364 compleat
1180 325 1340 354 urnam.

115 371 166 410 At
195 371 289 410 vivit
319 376 446 410 totum
479 383 577 422 quae
610 370 732 422 gloria
764 371 957 422 compleat
989 371 1148 411 orbem.

115 428 220 469 Haec
251 429 307 468 illi
339 441 524 468 mensura
555 430 638 468 viro
669 430 884 481 respondet
916 435 955 469 et
985 430 1058 469 hac
1090 436 1150 470 est

115 487 191 527 Par
223 487 298 526 sibi
328 487 512 541 Pelides,
544 500 618 526 nec
649 489 777 527 inania
810 488 972 527 Tartara
1005 491 1147 528 sentit.

29 547 205 598 6201pse
238 548 354 585 etiam
373 578 384 599 ‚
415 551 488 599 ut,
521 548 634 586 cuius
666 547 786 586 suerit
803 579 814 599 ‚
847 559 1087 599 cognoscere
1118 550 1271 601 possis,

114 605 220 644 Bella
251 611 381 644 movet
412 605 591 658 clipeus,
623 605 750 657 deque
783 607 901 645 armis
933 619 1039 645 arma
1070 606 1276 646 feruntur.

114 663 201 703 Non
233 676 278 703 ea
308 663 477 715 Tydides
496 696 507 716 ‚
538 676 617 703 non
650 665 767 704 audet
799 664 930 704 Oileos
961 665 1080 718 Aiax,

114 722 201 762 Non
232 724 361 762 minor
391 723 577 776 Atrides,
609 735 688 762 non
720 723 821 762 bello
854 725 976 762 maior
1009 729 1048 763 et
1078 736 1171 763 aevo

114 781 284 821 Poscere
303 813 314 834 ‚
346 793 425 820 non
458 782 550 820 alii.
589 782 681 821 solis
714 782 923 822 Telamone
958 788 1089 821 creato

27 848 95 880 625
115 839 334 891 Laerteque
366 841 441 879 fuit
471 846 601 879 tantae
633 841 775 880 fiducia
806 841 953 880 laudis.

115 899 146 938 Α
178 911 219 938 se
254 899 481 938 Tantalides
514 911 614 938 onus
646 899 909 951 invidiamque
941 902 1130 953 removit,

115 957 397 1009 Argolicosque
430 958 551 996 duces
582 958 722 997 mediis
754 959 959 998 considere
993 961 1131 998 castris

116 1016 234 1056 Iussit
265 1022 305 1056 et
337 1016 541 1056 arbitrium
574 1016 652 1055 litis
684 1018 838 1056 traiecit
869 1018 908 1056 in
942 1029 1100 1057 omnes.

263 1270 448 1324 LIBER
486 1270 747 1325 TERTIUS
786 1270 1056 1326 DECIMUS
1071 1311 1082 1325 .

117 1368 340 1408 Consedere
372 1369 493 1408 duces
526 1375 565 1409 et
596 1369 700 1421 vulgi
732 1375 861 1409 stante
895 1383 1039 1409 corona

118 1427 253 1479 Surgit
283 1427 330 1466 ad
362 1428 432 1466 hos
465 1428 580 1479 clipei
612 1428 792 1467 dominus
826 1428 1090 1480 septemplicis
1122 1429 1239 1481 Aiax3

118 1486 246 1537 thue
278 1491 362 1525 erat
392 1488 600 1537 impatiens
632 1488 713 1525 irae
732 1518 743 1539 ‚
777 1486 904 1538 Sigeia
937 1493 1048 1525 torvo

119 1544 251 1584 Litora
283 1547 457 1596 respexit
489 1545 731 1596 classemque
763 1546 803 1584 in
835 1545 951 1584 litore
983 1545 1121 1598 vultu,

77 1612 97 1643 5
116 1603 408 1655 Intendensque
441 1615 579 1643 manus
612 1601 776 1655 ‘agimus
795 1635 806 1657 ‚
838 1616 909 1656 pro
941 1603 1117 1656 Iuppiter
1137 1601 1162 1643 !'
1195 1606 1323 1656 inquit

118 1660 233 1701 ‘Ante
266 1669 371 1701 rates
402 1674 560 1701 causam
579 1694 590 1714 ,
623 1668 662 1701 et
692 1674 848 1701 mecum
880 1663 1084 1702 confertur
1115 1663 1269 1703 Ulixes!

117 1722 165 1760 At
196 1733 275 1760 non
306 1720 511 1760 Hectoreis
543 1720 733 1760 dubitavit
765 1721 905 1760 cedere
937 1721 1125 1775 flammis,

119 1780 224 1825 Quas
255 1792 326 1831 ego
359 1781 558 1833 sustinui,
590 1792 686 1831 quas
718 1779 790 1818 hac
822 1792 843 1818 a
875 1780 997 1819 classe
1029 1781 1180 1832 fugavi.

60 1836 62 1838 ’
118 1838 259 1878 Tutius
291 1844 352 1878 est
382 1840 502 1890 igitur
534 1839 634 1878 fictis
667 1838 906 1877 contendere
938 1838 1092 1891 verbis,

56 1905 98 1937 10
119 1897 243 1943 Quam
268 1909 443 1949 pugnare
470 1910 586 1936 manu
608 1929 615 1936 .
644 1897 712 1936 sed
739 1909 811 1936 nec
831 1897 926 1936 mihi
947 1897 1078 1936 dicere
1098 1905 1346 1950 promptum,

119 1955 199 1995 Nec
231 1956 362 1995 facere
394 1963 454 1995 est
486 1958 580 1995 isti:
612 1962 880 2007 quantumque
912 1968 984 2007 ego
1016 1955 1139 1995 Marte
1171 1956 1294 1996 feroci

118 2013 242 2066 Inque
274 2016 356 2053 acie
388 2015 496 2054 valeo
515 2047 526 2067 ‚
558 2020 710 2054 tantum
741 2014 843 2054 valet
872 2016 947 2054 iste
978 2014 1198 2066 loquendo.

120 2072 200 2112 Nec
231 2074 482 2113 memoranda
514 2080 644 2113 tamen
676 2073 786 2112 vobis
817 2085 903 2112 mea
935 2073 1034 2112 facta
1053 2105 1063 2125 ,
1094 2073 1270 2126 Pelasgi,

121 2131 218 2170 Esse
251 2144 372 2184 reor3
404 2133 554 2171 vidistis
587 2134 691 2171 enim
711 2163 719 2170 .
759 2144 829 2171 sua
861 2138 996 2170 narret
1027 2131 1183 2185 Ulixes,

58 2198 99 2228 15
122 2190 229 2236 Quae
260 2192 344 2230 sine
376 2197 476 2230 teste
509 2192 639 2242 gerit,
672 2202 841 2241 quorum
872 2203 949 2229 nox
982 2192 1138 2229 conscia
1164 2190 1243 2230 sola
1265 2198 1340 2230 est.

119 2248 296 2287 Praemia
327 2262 465 2301 magna
496 2251 577 2301 peti
610 2250 764 2289 fateor:
796 2249 865 2289 sed
897 2249 1019 2288 demit
1049 2249 1240 2289 honorem

120 2307 335 2347 Aemulus:
366 2309 472 2347 Aiaci
504 2320 582 2347 non
616 2314 675 2347 est
706 2309 880 2347 tenuisse
913 2307 1152 2360 superbum,
