1554 2563
135 87 188 129 96
354 60 527 123 meamne
686 86 898 123 METAMM
912 113 921 123 .

250 198 378 238 Imber
410 204 495 237 erat
526 219 580 226 —-
614 194 752 238 ‘vitare
784 210 900 237 meo.
939 196 1097 237 subiere
1128 198 1301 238 minores

252 258 376 309 Saepe
409 268 517 296 casas
550 258 684 308 superi
703 253 743 296 .”
783 257 898 296 dictis
930 262 970 295 et
999 262 1176 307 tempore
1209 262 1336 297 motae

251 317 548 367 Annuimusque
581 317 694 369 viro,
725 317 949 367 primasque
981 316 1212 354 intravimus
1244 315 1381 355 aedes.

166 383 231 414 285
255 374 459 413 Desierant
489 373 635 413 imbres
654 406 666 427 ,
697 375 878 425 victoque
912 372 1159 425 aquilonibus
1192 381 1325 413 austro

250 433 374 472 Fusca
405 438 616 485 repurgato
647 432 849 484 fugiebant
879 431 1010 472 nubila
1042 431 1172 472 caelo.

251 492 422 543 Impetus
453 493 512 530 ire
544 492 617 531 suit
636 523 645 531 .
684 491 828 531 claudit
859 503 929 531 sua
960 496 1063 530 tecta
1094 491 1295 542 Pyreneus
1314 524 1325 544 ‚

251 550 414 601 Vimque
446 556 557 602 parat
576 582 585 590 .
624 562 740 601 quam
766 562 837 589 nos
870 551 1037 601 sumptis
1070 550 1276 601 effugimus
1308 550 1399 589 alis.

253 610 339 660 lpse
372 615 557 649 secuturo
590 609 727 648 similis
759 611 868 648 stetit
900 608 1046 648 arduus
1078 620 1191 661 arce,

163 676 230 707 290
253 664 383 714 '‘Qua’
404 680 480 720 que
514 665 587 707 ‘via
615 675 675 707 est
694 667 803 707 vobis
821 699 833 720 ,
865 669 941 707 erit
959 673 999 707 et
1018 664 1128 706 mihi'
1149 666 1247 707 dixit
1266 665 1416 707 ‘eadem
1427 663 1470 720 ‚⁹³

252 727 380 778 Seque
411 728 502 766 iacit
533 739 670 766 vecors
702 739 723 765 e
755 738 928 766 summae
961 725 1130 765 culmine
1163 728 1309 778 turriS,

251 785 299 824 Et
331 784 434 825 cadit
463 787 504 824 in
536 785 666 825 vultus
685 817 696 837 ‚
728 785 973 836 discussique
1006 784 1161 824 ossibus
1193 787 1273 824 oris

251 843 398 883 'Fundit
428 844 590 883 humum
623 846 795 883 moriens
827 844 1018 883 scelerato
1051 845 1238 895 sanguine
1273 846 1433 884 tinctam
1448 841 1471 883 .'

251 903 359 942 Musa
390 902 653 954 loquebatur:
684 915 834 954 pennae
867 914 1036 942 sonuere
1067 914 1139 954 per
1171 914 1308 955 auras,

163 970 229 1001 295
251 960 410 1013 Voxque
443 961 680 1001 salutantum
712 963 830 1001 ramis
861 961 1042 1000 veniebat
1073 960 1119 999 ab
1152 961 1261 1001 altis.

253 1020 457 1072 Suspicit,
490 1027 528 1059 et
558 1021 713 1071 linguae
732 1052 743 1072 ,
775 1022 958 1073 quaerit,
987 1027 1068 1059 tam
1100 1025 1207 1059 certa
1239 1019 1444 1071 loquentes

252 1079 360 1118 Unde
393 1086 559 1118 sonent.
598 1079 873 1130 hominemque
905 1084 1016 1131 putat
1047 1078 1134 1118 Iove
1167 1085 1254 1118 nata
1275 1078 1470 1119 locutum.

250 1137 339 1176 Ales
371 1145 482 1177 erat.
522 1149 766 1189 numeroque
799 1150 967 1190 novem,
999 1149 1069 1176 sua
1101 1138 1177 1177 fata
1209 1143 1444 1189 querentes,

251 1196 479 1235 Institerant
510 1198 628 1235 ramis
659 1198 855 1236 imitantes
887 1198 1015 1236 omnia
1046 1198 1177 1248 picae.

163 1263 230 1295 300
250 1255 406 1294 Miranti
438 1257 493 1294 sic
525 1267 613 1294 orsa
646 1255 739 1294 deae
772 1255 842 1294 dea
862 1287 871 1294 .
910 1253 1052 1306 ‘nuper
1083 1261 1122 1294 et
1152 1256 1249 1294 istae

250 1316 453 1353 Auxerunt
484 1313 686 1352 volucrum
718 1315 841 1352 victae
874 1315 1085 1353 certamine
1118 1313 1295 1353 turbam.

252 1372 387 1411 Pieros
413 1372 482 1411 has
514 1374 650 1423 genuit
680 1371 843 1412 Pellaeis
876 1372 982 1411 dives
1015 1374 1055 1410 in
1087 1374 1214 1412 arvis:

252 1431 416 1470 Paeonis
448 1430 600 1482 Euippe
632 1438 756 1470 mater
789 1431 890 1470 fuit.
927 1431 991 1470 illa
1022 1437 1223 1482 potentem

252 1490 440 1529 Lucinam
472 1491 634 1528 noviens
653 1521 664 1542 ‚
696 1490 857 1529 noviens
888 1491 1093 1542 paritura,
1125 1491 1294 1529 vocavit.

163 1557 229 1588 305
251 1549 441 1588 Intumuit
472 1560 635 1587 numero
669 1548 897 1588 stolidarum
930 1547 1044 1587 turha
1076 1560 1280 1600 sororum,

251 1607 405 1658 Perque
438 1614 496 1645 tot
526 1607 757 1646 Haemonias
790 1613 829 1646 et
858 1618 929 1658 per
961 1612 1020 1646 tot
1050 1606 1239 1646 Achaidas
1272 1606 1388 1646 urbes

253 1665 336 1704 Huc
368 1667 474 1705 venit
506 1672 545 1704 et
576 1665 642 1704 tali
674 1667 883 1704 committit
913 1664 1060 1716 proelia
1092 1678 1209 1705 voce:

254 1722 459 1763 “Desinite
490 1724 691 1763 indoctum
724 1736 819 1763 vana
851 1723 1057 1763 dulcedine
1090 1724 1227 1775 vulgus

250 1782 398 1821 Fallere
420 1814 428 1821 .
466 1782 669 1822 nobiscum
688 1815 699 1835 ,
731 1785 842 1833 siqua
873 1788 933 1821 est
964 1782 1104 1821 fiducia
1136 1782 1267 1835 vobis,

163 1849 231 1880 310
251 1840 490 1892 Thespiades
509 1873 520 1893 ‚
553 1847 699 1880 certate
718 1873 730 1893 ‚
762 1841 884 1880 deae.
925 1853 998 1880 nec
1032 1853 1123 1880 voce
1142 1873 1154 1894 ,
1185 1853 1258 1880 nec
1290 1847 1372 1880 arte

251 1899 491 1939 Vincemur:
524 1899 765 1950 totidemque
798 1911 961 1939 sumus.
1000 1899 1059 1938 vel
1092 1899 1217 1939 cedite
1251 1901 1371 1939 victae

252 1958 374 1997 Fonte
406 1958 611 1997 Medusaeo
644 1965 683 1997 et
713 1957 886 2009 Hyantea
917 1959 1138 2009 Aganippe,

254 2016 319 2055 Vel
352 2028 423 2056 nos
454 2015 643 2055 Emathiis
676 2017 722 2056 ad
753 2016 927 2055 Paeonas
959 2029 1084 2067 usque
1117 2018 1273 2056 nivosos

253 2075 445 2115 Cedamus
477 2077 651 2127 campis.
690 2075 875 2114 dirimant
906 2076 1118 2114 certamina
1149 2075 1339 2127 nymphae
1354 2071 1395 2114 .'’

164 2141 233 2173 315
252 2134 385 2185 Turpe
419 2133 575 2185 quidem
609 2133 846 2173 contendere
879 2141 991 2185 erat,
1022 2133 1091 2172 sed
1124 2133 1263 2173 cedere
1295 2134 1419 2173 visum

253 2192 453 2244 Turpius.
493 2191 638 2232 electae
670 2194 801 2231 iurant
830 2203 902 2244 per
933 2191 1092 2231 flumina
1123 2191 1338 2244 nymphae,

255 2250 448 2302 Factaque
481 2250 529 2290 de
561 2252 646 2290 vivo
678 2263 859 2302 pressere
892 2250 1026 2290 sedilia
1059 2262 1172 2290 saxo.

253 2308 364 2347 Tunc
398 2310 481 2347 sine
514 2316 620 2348 sorte
653 2311 761 2359 prior
788 2321 886 2359 quae
924 2321 966 2348 se
999 2315 1150 2349 certare
1182 2310 1358 2359 professa
1390 2315 1474 2359 est,
