1554 2563
73 107 159 149 220
326 119 431 141 11111118
623 104 839 141 ΜΕΤΑΜΜ

191 218 390 256 Attonitus
422 217 593 255 novitate
625 215 744 269 mali,
776 215 962 267 divesque
995 217 1217 268 miserque,

191 276 374 327 Effugere
407 280 515 327 optat
545 286 640 326 opes
672 280 712 314 et
743 286 842 326 quae
874 274 989 313 modo
1020 281 1207 327 voverat,
1239 274 1342 313 odit.

191 335 310 386 Copia
342 334 446 373 nulla
478 335 618 372 samem
651 333 825 385 relevat3
857 335 942 372 sitis
974 333 1080 372 arida
1112 338 1249 384 guttur

106 402 172 434 130
191 393 307 446 Urit,
340 398 379 431 et
410 393 534 431 inviso
567 394 732 431 meritus
764 397 973 443 torquetur
1005 391 1052 430 ab
1084 404 1202 431 auro.

193 451 267 502 [Ad
302 451 531 502 caelumque
563 463 701 489 manus
733 456 773 490 et
804 450 1006 501 splendida
1041 449 1222 489 bracchia
1253 448 1414 499 tollens}

192 508 262 549 ‘Da
294 512 476 562 veniam,
507 509 659 549 Lenaee
690 509 829 561 pater!
862 510 1109 560 peccavimus
1128 506 1154 561 3'
1187 510 1315 560 inquit

193 566 286 608 ‘Sed
318 570 507 607 miserere
526 599 537 620 ,
568 579 711 619 precor
728 599 739 621 ,
772 569 1029 619 speciosoque
1061 569 1169 619 eripe
1203 567 1342 607 damno
1358 565 1382 605 .’

190 628 283 667 Mite
316 627 434 666 deum
465 639 610 666 numen
642 626 820 665 Bacchus
851 639 1034 678 peccasse
1068 627 1254 666 fatentem

106 694 170 726 135
193 686 409 738 Restituit,
441 686 611 736 factique
644 685 719 724 fide
752 686 838 724 data
870 698 1033 724 munera
1066 685 1203 724 solvit.

192 743 311 784 ‘Neve
344 744 442 783 male
476 750 607 796 optato
640 756 796 783 maneas
829 744 1073 783 circumlitus
1105 756 1224 795 aure,

191 800 310 842 Vade'
344 805 396 842 ait
428 800 490 842 ‘ad
522 805 672 854 magnis
704 804 876 842 vicinum
909 802 1097 842 Sardibus
1129 815 1306 852 amnem,

191 863 347 914 Perque
379 863 514 914 iugum
546 863 690 901 montis
721 861 943 901 labentibus
975 861 1112 900 obvius
1143 861 1260 901 undis

192 921 317 973 Carpe
351 922 479 973 viam,
511 920 636 960 donee
667 922 801 960 venias
833 920 879 960 ad
911 920 1084 960 ssuminis
1116 926 1251 973 ortus3

105 989 172 1020 140
193 980 505 1031 Spumigeroque
538 985 650 1018 tuum
683 980 810 1032 fonti,
843 992 918 1030 qua
949 979 1144 1031 plurimus
1176 980 1278 1031 exit,

193 1038 326 1078 Subde
358 1044 476 1090 caput
493 1070 504 1091 ,
536 1050 758 1089 corpusque
793 1039 938 1091 simul,
969 1037 1085 1077 simul
1110 1037 1197 1077 elue
1224 1039 1373 1077 crimen
1389 1032 1415 1076 .’

191 1097 275 1136 Rex
306 1099 434 1136 iussae
467 1097 644 1136 succedit
675 1109 797 1148 aquae
818 1128 827 1136 .
865 1099 923 1136 vis
955 1108 1074 1136 aurea
1106 1098 1222 1136 tinxit
1287 1106 1317 1130 f.
1336 1103 1413 1131 clxi,

192 1156 356 1194 Flumen
375 1187 386 1208 ,
419 1161 459 1194 et
490 1155 659 1194 humano
692 1156 740 1194 de
772 1168 938 1207 corpore
971 1156 1090 1194 cessit
1119 1156 1161 1194 in
1192 1167 1369 1195 amnem.

194 1214 326 1264 [Nunc
362 1226 518 1265 quoque
550 1216 625 1252 iam
658 1216 801 1253 veteris
832 1220 1020 1265 percepto
1052 1215 1201 1253 semine
1232 1226 1353 1253 venae

107 1280 173 1313 145
193 1274 293 1312 Arva
324 1274 453 1324 rigent
483 1284 577 1311 auro
611 1272 774 1311 madidis
805 1273 987 1324 pallentia
1019 1271 1164 1324 glaebis
1180 1271 1207 1322 .]

252 1331 319 1370 llic
338 1363 349 1384 ,
380 1343 546 1382 perosus
579 1343 674 1382 opes
693 1363 705 1384 ‚
737 1331 852 1370 silvas
886 1336 925 1371 et
955 1343 1049 1370 rura
1080 1330 1262 1383 colebat,

192 1390 376 1441 Panaque
409 1391 603 1428 montanis
636 1389 876 1429 habitantem
907 1402 1064 1441 semper
1094 1390 1135 1428 in
1167 1391 1312 1429 antris.

193 1449 343 1500 Pingue
376 1448 445 1487 sed
477 1449 679 1499 ingenium
709 1450 881 1501 mansit3
912 1450 1171 1499 nocituraque
1189 1480 1200 1501 ,
1232 1454 1276 1488 ut
1307 1454 1415 1501 ante„

194 1507 348 1547 Rursus
380 1514 493 1546 erant
523 1507 680 1546 domino
713 1507 874 1547 stolidae
908 1506 1136 1560 praecordia
1168 1509 1333 1547 mentis.

108 1575 174 1607 150
194 1566 292 1605 Nam
322 1567 424 1605 freta
456 1567 700 1617 prospiciens
733 1566 808 1606 late
840 1568 943 1617 riget
973 1566 1120 1605 arduus
1151 1565 1228 1605 alto

195 1625 356 1664 Tmolus
387 1626 426 1664 in
460 1636 656 1677 ascensu,
688 1624 865 1676 clivoque
898 1630 1085 1664 extensus
1117 1630 1287 1676 utroque

196 1683 385 1722 Sardibus
417 1683 508 1722 hinc
526 1715 538 1736 ,
569 1683 675 1722 illinc
706 1686 837 1735 parvis
868 1684 1004 1723 finitur
1034 1683 1251 1735 Hypaepis.

194 1742 276 1781 Pan
307 1741 362 1780 ibi
394 1742 487 1781 dum
519 1744 666 1780 teneris
698 1743 816 1781 iactat
846 1754 917 1781 sua
948 1743 1120 1781 carmina
1153 1742 1334 1794 nymphis

194 1800 244 1840 Et
274 1800 358 1839 leve
390 1806 520 1839 cerata
552 1800 775 1840 modulatur
806 1800 1026 1839 harundine
1058 1812 1240 1852 carmen,

110 1867 175 1899 155
195 1859 325 1898 Ausus
357 1859 579 1911 Apollineos
610 1871 704 1911 prae
736 1871 778 1898 se
810 1865 1064 1898 contemnere
1097 1863 1258 1911 cantus,

196 1917 329 1957 Iudice
361 1917 434 1956 sub
467 1917 603 1956 Tmolo
636 1923 835 1957 certamen
867 1920 973 1956 venit
1003 1918 1050 1957 ad
1081 1919 1217 1969 inpar.

195 1976 326 2015 Monte
359 1988 430 2015 suo
463 1977 595 2015 senior
627 1976 744 2015 iudex
776 1976 983 2028 consedit,
1015 1982 1054 2015 et
1085 1988 1200 2015 aures

195 2034 355 2074 Liberat
385 2034 622 2087 arboribus3
655 2047 804 2086 quercu
837 2047 947 2074 coma
979 2035 1134 2074 caerula
1166 2040 1317 2074 tantum

198 2093 406 2146 Cingitur,
444 2099 484 2132 et
516 2093 691 2145 pendent
722 2095 872 2132 circum
904 2105 995 2132 cava
1027 2100 1203 2144 tempora
1235 2092 1416 2144 glandes,

111 2160 176 2192 160
195 2152 311 2203 Isque
343 2151 461 2191 deum
492 2154 647 2204 pecoris
679 2158 860 2203 spectans
892 2149 947 2191 ‘in
979 2149 1124 2191 iudIce'
1156 2153 1255 2191 dixit

197 2207 325 2249 ‘Nulla
356 2222 466 2249 mora
498 2216 559 2249 est
577 2207 602 2249 .’
641 2210 797 2250 calamis
829 2209 1049 2262 agrestibus
1081 2212 1236 2250 insonat
1265 2210 1352 2250 ille:

195 2268 484 2320 Barbaricoque
516 2269 646 2308 Midan
677 2291 733 2297 —-
766 2269 900 2308 aderat
930 2281 1018 2307 nam
1051 2270 1152 2308 sorte
1184 2270 1339 2308 canenti
1363 2288 1416 2297 -ι

197 2325 378 2366 Carmine
410 2327 586 2368 delenit.
623 2333 713 2380 post
743 2327 849 2367 hune
881 2339 991 2367 sacer
1023 2339 1090 2367 ora
1122 2329 1284 2367 retorsit
