1554 2563
574 135 607 171 V
625 163 634 180 ‚
660 134 830 171 649—V1
846 162 856 179 ,
881 138 926 170 40
941 161 949 169 .
1070 145 1228 169 Auem
1351 131 1431 172 107

211 246 378 286 Numina
408 258 482 286 nec
513 247 648 298 sperni
679 246 763 285 sine
794 256 921 296 poena
952 249 1087 283 nostra
1119 240 1307 282 sinamus’

169 314 190 344 5
210 305 488 356 Maeoniaeque
520 305 693 344 animum
724 304 813 343 satis
844 302 1012 342 intendit
1043 301 1264 353 Arachnes,

211 363 336 409 Quam
368 362 442 402 sibi
473 363 646 402 lanificae
678 374 756 402 non
783 361 923 401 cedere
954 360 1134 400 laudibus
1165 361 1260 399 artis

211 421 426 461 Audierat.
464 433 543 460 non
574 420 638 460 illa
669 420 754 460 loco
786 432 859 459 nec
890 420 1040 471 origine
1072 420 1200 470 gentis

213 480 352 533 Clara,
384 480 454 519 sed
487 486 570 518 arte
603 480 678 519 suit
697 510 706 518 .
742 484 854 530 pater
884 478 976 517 huic
1008 477 1273 528 Colophonius
1300 475 1434 515 Idmon

211 539 402 578 Phocaico
434 537 586 577 bIbulas
618 536 821 589 tinguebat
852 536 1164 576 murice-lanas:

149 606 192 637 ιο
214 597 421 636 Occiderat
451 604 605 648 mater3
638 596 706 635 sed
739 603 779 635 et
809 595 904 635 haec
936 595 984 634 de
1015 594 1128 646 plebe
1161 606 1311 645 suoque

211 657 343 707 Aequa
375 657 458 695 viro
491 656 618 694 fuerat
638 686 646 694 .
684 653 810 706 Lydas
841 661 972 693 tamen
1002 653 1066 692 illa
1096 665 1167 704 per
1199 651 1318 692 urbes

214 714 444 760 Quaesierat
475 713 604 753 studio
637 725 779 752 nomen
812 712 1062 752 memorabile
1082 743 1092 763 ,
1125 712 1301 762 quamvis

212 773 306 812 Orta
338 772 452 812 domo
485 784 601 824 parva
632 773 761 824 parvis
793 770 992 811 habitabat
1022 770 1240 822 Hypaepis.

212 831 337 870 Huius
369 837 414 871 ut
444 832 667 882 aspicerent
697 842 796 882 opus
828 829 1052 869 admirabile
1072 860 1082 880 ,
1108 840 1223 880 saepe

150 899 191 929 15
214 890 433 929 Deseruere
465 891 527 928 sui
559 888 750 941 nymphae
783 890 912 928 vineta
942 886 1108 939 Timoli,

214 949 433 988 Deseruere
465 960 554 987 suas
587 947 778 1000 nymphae
809 946 1028 986 Pactolides
1060 945 1207 984 undas.

213 1007 293 1046 Nec
325 1008 446 1046 factas
479 1006 605 1046 solum
637 1012 766 1046 vestes
798 1012 976 1057 spectare
1008 1003 1185 1055 iuvabat;

213 1066 313 1105 Tum
346 1078 503 1117 quoque
521 1096 532 1118 ,
565 1077 654 1105 cum
685 1065 854 1104 fierent:
885 1070 1018 1103 tantus
1049 1062 1169 1102 decor
1200 1062 1311 1101 affuit
1341 1061 1435 1100 arti.

216 1124 304 1163 Sive
336 1123 476 1163 rudem
507 1126 655 1175 primos
681 1123 807 1162 lanam
839 1121 1079 1174 glomerabat
1108 1122 1149 1160 in
1181 1120 1321 1172 orbes,

149 1192 194 1223 20
215 1182 293 1223 Seu
326 1182 457 1235 digitis
490 1181 695 1233 subigebat
726 1194 825 1234 opus
844 1212 855 1234 ,
887 1182 1131 1232 repetitaque
1164 1178 1279 1230 longo

216 1240 366 1281 Vellera
399 1240 572 1281 mollibat
604 1240 766 1280 nebulas
799 1241 1004 1291 aequantia
1037 1245 1188 1290 tractu,

217 1299 306 1339 Sive
337 1299 411 1339 levi
442 1306 609 1339 teretem
642 1298 821 1338 versabat
852 1297 991 1350 pollice
1023 1298 1179 1348 fusum,

218 1358 295 1398 Seu
326 1358 512 1411 pingebat
543 1370 644 1397 acu:
676 1358 799 1397 scires
831 1369 851 1396 a
883 1355 1036 1395 Pallade
1069 1355 1244 1394 doctam.

216 1416 328 1463 Quod
360 1424 490 1456 tamen
521 1418 603 1468 ipsa
637 1423 752 1468 negat
776 1448 787 1468 ,
818 1422 1004 1466 tantaque
1036 1415 1183 1453 offensa
1214 1413 1397 1465 magistra

153 1484 196 1515 25
218 1473 381 1515 ‘Certet'
415 1476 469 1514 ait
490 1473 658 1514 ‘mecum
680 1488 689 1514 :
723 1474 818 1513 nihil
850 1482 910 1512 est
928 1504 939 1525 ,
971 1472 1075 1524 quod
1100 1474 1201 1510 victa
1220 1483 1423 1511 recusem.

219 1534 345 1573 Pallas
377 1546 494 1573 anum
527 1532 719 1585 simulat,
743 1532 940 1583 falsosque
971 1532 1011 1570 in
1044 1537 1219 1581 tempora
1253 1542 1369 1570 canos

218 1592 334 1631 Addit
365 1598 404 1632 et
434 1592 610 1631 infirmos
628 1624 639 1644 ,
671 1590 854 1630 baculum
871 1621 883 1642 ,
915 1588 1018 1640 quod
1051 1590 1220 1628 sustinet
1250 1594 1381 1628 artus.

218 1651 318 1690 Tum
353 1653 409 1690 sic
440 1663 530 1690 orsa
560 1650 696 1701 loqui:
730 1646 823 1689 ‘non
855 1649 984 1688 omnia
1009 1647 1194 1699 grandior
1225 1654 1354 1699 aetas,

219 1710 326 1756 Quae
361 1710 556 1761 fugiamus
575 1740 586 1761 ,
617 1707 735 1747 habet
754 1739 763 1747 .
801 1708 901 1747 seris
932 1707 1039 1746 venit
1069 1717 1167 1746 usus
1198 1704 1245 1745 ab
1277 1707 1411 1745 annis.

155 1778 198 1808 30
220 1767 434 1808 Consilium
465 1780 514 1807 ne
546 1780 689 1820 sperne
720 1778 852 1806 meum
871 1796 880 1805 .
916 1763 990 1805 tibi
1020 1765 1121 1804 fama
1150 1770 1306 1817 petatur

222 1827 330 1866 luter
361 1826 545 1866 mortales
577 1824 775 1865 faciendae
807 1825 973 1864 maxima
1004 1823 1137 1875 lanae3

221 1885 323 1925 Cede
356 1885 450 1925 deae
469 1917 480 1938 ,
512 1887 742 1936 veniamque
773 1884 852 1923 tuis
870 1914 881 1935 ,
912 1884 1120 1922 temeraria
1138 1913 1150 1934 ,
1181 1880 1296 1922 dictis

222 1943 404 1996 Supplice
439 1955 531 1983 voce
563 1955 687 1995 roga:
717 1943 869 1981 veniam
901 1940 1007 1980 dabit
1032 1940 1096 1980 illa
1126 1942 1280 1991 roganti
1295 1937 1318 1978 ‚³

221 2003 370 2054 Aspicit
399 2002 500 2042 hanc
531 2003 652 2041 torvis
671 2033 682 2053 ,
713 2002 946 2053 inceptaque
978 1998 1040 2038 fila
1071 1998 1280 2051 relinquit,

156 2071 200 2101 35
221 2060 370 2112 Vixque
401 2072 559 2101 manum
591 2061 766 2100 retinens
785 2091 796 2111 ,
828 2058 1088 2109 confessaque
1120 2056 1292 2096 vultibus
1323 2057 1419 2096 iram

222 2119 381 2159 Talibus
414 2118 622 2159 obscuram
653 2124 835 2158 resecuta
866 2123 926 2156 est
955 2115 1110 2155 Pallada
1141 2115 1280 2155 dictis:

224 2176 379 2217 ‘Mentis
410 2179 523 2230 inops
554 2177 746 2229 longaque
778 2177 887 2215 venis
920 2175 1098 2214 confecta
1128 2180 1310 2225 senecta,

223 2236 272 2275 Et
303 2237 467 2276 nimium
498 2237 640 2276 vixisse
673 2236 738 2275 diu
771 2241 915 2274 nocet.
953 2233 1084 2272 audiat
1113 2234 1233 2285 istas,

226 2295 344 2346 Siqua
375 2295 446 2334 tibi
479 2307 604 2334 nurus
636 2300 724 2346 est,
757 2295 868 2344 siqua
899 2298 961 2331 est
990 2291 1063 2331 tibi
1093 2291 1170 2330 filia
1187 2323 1199 2344 ,
1230 2303 1368 2331 voceS.

159 2362 204 2393 40
224 2352 384 2392 Consilii
415 2355 508 2393 satis
541 2359 600 2392 est
630 2354 670 2392 in
703 2363 764 2390 me
797 2351 920 2391 mihi.
958 2363 1055 2390 neve
1087 2349 1281 2390 monendo
