1554 2563
584 115 601 149 Ι
617 142 628 160 ,
653 118 861 151 697-770.
925 128 1101 151 numus.
1126 127 1310 151 Pmrnon
1372 115 1426 156 21

210 224 397 277 Coniugis
427 224 492 264 ille
525 237 618 264 suae
650 224 877 277 complexus
910 225 1006 264 colla
1037 225 1219 278 lacertis,

120 292 188 323 735
208 284 336 323 Finiat
365 290 410 323 ut
439 295 586 335 poenas
618 284 803 335 tandem,
835 290 974 336 rogat,
1007 281 1077 322 ‘in’
1111 296 1186 335 que
1218 280 1411 322 ‘futurum

209 342 316 381 Pone
349 347 477 381 metus
495 339 522 395 ,³
554 344 683 393 inquit
714 340 943 393 ‘numquam
975 342 1046 381 tibi
1077 354 1194 382 causa
1224 341 1370 381 doloris

208 401 313 440 Haec
345 398 436 440 erit’
469 407 509 439 et
541 400 694 452 Stygias
725 400 835 439 iubet
865 401 939 439 hoc
972 401 1108 440 audire
1138 400 1323 453 paludes.

208 459 260 499 Ut
290 459 408 498 lenita
439 459 510 498 dea
542 466 630 512 est,
661 459 792 499 vultus
824 461 927 510 capit
957 459 1021 498 illa
1051 461 1229 512 priores,

208 518 348 569 Fitque
382 518 487 569 quod
518 524 607 557 ante
639 519 741 558 fuit.
778 519 934 569 fugiunt
959 530 980 556 e
1013 530 1178 570 corpore
1210 523 1362 570 saetae,

120 584 189 616 740
210 577 364 616 Cornua
396 577 662 629 decrescunt,
692 577 736 615 fit
764 576 923 616 luminis
955 578 1077 616 artior
1108 577 1238 629 orbis,

210 635 465 675 Contrahitur
496 638 621 675 rictus
640 667 651 687 ‚
683 635 851 674 redeunt
882 637 1086 686 umerique
1119 647 1358 688 manusque,

209 694 439 746 Ungulaque
471 695 510 733 in
543 696 685 745 quinos
718 694 864 745 dilapsa
896 694 1115 733 absumitur
1146 707 1321 746 ungues.

208 752 263 792 De
294 753 392 792 bove
424 752 478 791 nil
509 759 719 805 superest,
751 753 898 792 formae
930 755 1006 792 nisi
1037 753 1212 805 candor,
1242 755 1282 792 in
1311 752 1397 791 illa.

209 811 425 863 Officioque
457 811 602 862 pedum
633 812 801 863 nymphe
828 818 1011 850 contenta
1043 812 1212 851 duorum

121 878 188 909 745
208 870 384 922 Erigitur
402 902 414 923 ‚
445 872 662 921 metuitque
695 870 832 923 loqui,
862 882 912 909 ne
943 882 1052 910 more
1083 872 1269 910 iuvencae

209 930 356 980 Mugiat
373 961 385 982 ‚
417 935 457 968 et
487 929 621 968 timide
655 928 773 967 verba
804 931 1029 968 intermissa
1060 935 1291 981 retemptat.

207 988 320 1027 Nunc
352 988 423 1026 dea
454 987 616 1038 linigera
649 987 790 1026 colitur
822 987 1077 1026 celeberrima
1107 988 1245 1027 turba.

267 1046 367 1085 Huic
398 1046 583 1098 Epaphus
614 1048 743 1097 magni
774 1047 929 1097 genitus
960 1046 1008 1085 de
1040 1048 1188 1086 semine
1220 1047 1376 1086 tandem

209 1105 392 1145 Creditur
425 1117 510 1143 esse
543 1104 643 1143 Iovis
661 1137 672 1157 ‚
703 1117 853 1156 perque
884 1104 1004 1143 urbes
1035 1107 1169 1145 iuncta
1198 1109 1352 1157 parenti

119 1172 189 1204 750
208 1163 369 1216 Templa
400 1170 537 1202 tenet.
575 1165 649 1202 fuit
679 1163 771 1202 huic
803 1165 941 1203 animis
974 1164 1145 1215 aequalis
1176 1171 1216 1204 et
1247 1168 1358 1205 annis

210 1223 298 1262 Sole
319 1229 425 1262 satus
439 1222 641 1262 Phaethon
661 1254 670 1261 .
702 1234 819 1273 quem
840 1222 1036 1273 quondam
1054 1235 1192 1275 magna
1204 1224 1429 1276 loquentem

207 1283 289 1322 Nec
321 1281 395 1320 sibi
427 1281 632 1320 cedentem
662 1280 900 1331 Phoeboque
932 1289 1095 1332 parente
1126 1283 1342 1335 superbum

208 1341 294 1380 Non
325 1340 415 1380 tulit
445 1340 647 1379 Inachides
667 1372 678 1392 ‚
711 1338 855 1379 ‘matri'
883 1351 959 1391 que
991 1345 1044 1381 ait
1075 1340 1220 1381 ‘omnia
1251 1342 1412 1382 demens

210 1400 345 1439 Credis
365 1431 375 1451 ‚
407 1405 447 1438 et
478 1411 519 1438 es
551 1399 725 1438 tumidus
757 1400 947 1450 genitoris
979 1402 1147 1452 imagine
1178 1400 1266 1440 falsi
1280 1399 1304 1440 .’

119 1465 188 1497 755
208 1458 378 1498 Erubuit
409 1458 612 1496 Phaethon
631 1489 642 1510 ,
673 1459 849 1508 iramque
881 1460 1032 1508 pudore
1064 1461 1278 1512 repressit,

208 1518 258 1557 Et
288 1517 379 1556 tulit
409 1517 456 1555 ad
489 1516 700 1567 Clymenen
731 1515 882 1567 Epaphi
914 1520 1087 1557 convicia
1119 1525 1306 1559 matrem:

209 1575 391 1627 ‘Quoque
423 1576 545 1626 magis
578 1574 738 1627 doleas,
770 1575 947 1625 genetrix
966 1574 992 1629 ,²
1025 1579 1079 1615 ait
1111 1574 1189 1615 ‘ille
1210 1589 1281 1628 ego
1307 1577 1430 1629 liber,

207 1636 275 1674 Ille
308 1636 419 1673 ferox
450 1636 582 1672 tacui.
626 1633 749 1685 pudet
779 1633 874 1671 haec
906 1635 1116 1687 obprobria
1148 1634 1261 1674 nobis

208 1694 258 1733 Et
289 1694 366 1732 dici
390 1694 566 1744 potuisse
598 1698 639 1731 et
663 1704 741 1730 non
766 1693 942 1742 potuisse
974 1693 1123 1733 refelli.

121 1760 189 1792 ‘160
209 1754 258 1792 At
289 1759 331 1792 tu
351 1784 362 1804 ‚
392 1753 427 1790 si
457 1751 572 1790 modo
605 1763 692 1789 sum
724 1750 883 1791 caelesti
914 1753 1036 1804 stirpe
1068 1759 1223 1792 creatus
1242 1785 1253 1806 ,

207 1811 290 1851 Ede
315 1816 447 1850 notam
478 1812 576 1849 tanti
606 1811 761 1861 generis
780 1841 791 1861 ,
822 1821 963 1862 meque
996 1823 1127 1850 assere
1159 1811 1265 1850 caelo
1281 1809 1305 1851 .'

208 1871 312 1909 Dixit
343 1875 383 1908 et
413 1869 606 1921 implicuit
636 1875 813 1907 materno
846 1869 1028 1909 bracchia
1059 1870 1183 1923 collo,

206 1930 361 1979 Perque
394 1941 509 1967 suum
541 1928 790 1978 Meropisque
828 1934 945 1979 caput
981 1928 1192 1979 taedasque
1225 1941 1429 1982 sororum,

207 1988 399 2027 Traderet
416 2019 428 2040 ‚
459 1988 611 2039 oravit,
642 1987 724 2024 veri
757 1984 831 2025 sihi
863 1989 972 2038 signa
1002 1989 1199 2038 parentiS.

121 2053 188 2085 765
207 2046 472 2098 Ambiguum,
505 2045 717 2098 Clymene,
753 2045 939 2095 precibus
970 2044 1254 2097 Phaethontis,
1291 2057 1340 2084 an
1372 2047 1429 2084 ira

207 2105 311 2144 Mota
342 2106 464 2156 magis
496 2105 589 2143 dicti
620 2103 696 2142 sibi
727 2104 902 2143 criminis
920 2135 932 2156 ‚
963 2109 1130 2154 utraque
1163 2103 1269 2142 caelo

207 2163 396 2203 Bracchia
426 2164 637 2215 porrexit,
668 2168 929 2213 spectansque
962 2163 1009 2201 ad
1034 2162 1179 2201 lumina
1211 2162 1304 2201 solIs

209 2220 300 2261 ‘Per
331 2221 444 2261 iubar
474 2219 564 2261 hoc'
595 2223 724 2272 inquit
756 2219 889 2260 ‘radiis
920 2222 1073 2272 insigne
1106 2222 1311 2274 coruscis,

207 2281 304 2320 Nate
322 2312 334 2334 ,
364 2280 436 2320 tibi
466 2282 554 2320 iuro
578 2312 590 2332 ,
622 2279 726 2331 quod
759 2292 830 2318 nos
863 2279 1048 2331 auditque
1080 2279 1288 2332 videtque,

122 2347 189 2379 '170
208 2339 291 2378 Hoc
311 2345 349 2379 te
368 2370 380 2392 ‚
411 2351 529 2391 quem
549 2344 703 2391 spectas
722 2370 734 2392 ‚
765 2338 840 2377 hoc
864 2344 904 2378 te
923 2369 935 2391 ,
966 2340 1034 2390 qui
1053 2343 1247 2390 temperat
1266 2336 1403 2377 orbem
1416 2369 1427 2389 ,
