1554 2563
571 115 621 149 Vl
636 143 644 159 ,
669 119 855 151 625—698
871 144 878 151 .
1013 128 1180 151 carrium
1322 114 1404 156 125

183 225 445 277 vipereasque
477 226 555 265 ciet
587 225 718 277 Stygia
750 226 797 265 de
829 225 926 265 valle
957 238 1138 266 sorores:

180 283 230 323 Et
260 284 376 323 modo
395 316 406 336 ‚
438 285 471 323 si
502 290 665 337 posset,
697 290 873 323 reserato
905 290 1066 336 pectore
1099 284 1203 324 diras

180 342 352 394 Egerere
384 342 475 381 inde
507 343 626 394 dapes
657 355 887 394 emersaque
919 344 1069 382 viscera
1099 345 1240 395 gestit:

94 409 160 441 665
181 401 268 441 Flet.
298 401 413 440 modo
432 433 444 454 ,
476 413 596 453 seque
629 408 741 441 vocat
770 401 931 441 bustum
963 402 1186 442 miserabile
1218 403 1322 441 nati:

180 459 294 499 Nunc
325 462 504 512 sequitur
536 460 641 500 nudo
672 462 823 512 genitas
854 460 1054 500 Pandione
1085 462 1215 501 ferro.

181 518 354 571 Corpora
386 518 645 571 Cecropidum
676 521 816 571 pennis
841 519 1014 572 pendere
1039 525 1223 571 putares:
1271 528 1300 553 t·
1320 527 1404 554 xcix-

181 577 409 617 Pendebant
438 580 607 630 pennis.
646 590 813 630 quarum
843 580 943 630 petit
975 578 1095 618 altera
1126 579 1265 631 silvas,

181 636 312 676 Altera
343 642 446 676 tecta
478 636 612 690 subit3
644 649 772 689 neque
806 637 932 677 adhuc
963 637 1012 677 de
1042 643 1204 689 pectore
1236 636 1366 676 caedis

94 703 162 735 670
181 694 398 735 Excessere
430 701 569 746 notae,
601 698 830 748 signataque
863 698 1052 748 sanguine
1084 696 1216 748 pluma
1248 701 1330 735 est.

181 754 248 793 llle
281 754 415 794 dolore
447 767 519 794 suo
550 767 778 806 poenaeque
811 755 994 807 cupidine
1026 755 1138 794 velox

182 812 357 852 Vertitur
387 815 427 852 in
460 813 658 853 volucrem
677 846 688 866 ‚
720 816 784 853 cui
816 819 921 853 stant
952 816 992 853 in
1023 815 1172 853 vertice
1204 815 1371 867 cristae,

183 872 385 911 Prominet
415 872 655 912 inmodicum
685 873 896 925 praelonga
929 873 1090 924 cuspide
1122 877 1319 912 rostrum.

182 930 333 970 Nomen
364 930 496 983 Epops
529 931 706 984 volucri,
738 932 857 971 facies
889 938 1034 971 armata
1067 931 1243 971 videtur.

95 998 161 1029 675
241 989 313 1029 Hic
345 989 456 1029 dolor
492 996 582 1029 ante
620 991 722 1030 diem
760 990 976 1042 longaeque
1015 995 1189 1029 extrema
1226 996 1409 1030 senectae

183 1049 377 1100 Tempora
410 1048 617 1088 Tartareas
648 1049 848 1089 Pandiona
879 1050 986 1088 misit
1017 1049 1064 1088 ad
1096 1048 1279 1088 umbras.

185 1107 348 1159 Sceptra
379 1107 455 1146 loci
486 1120 699 1159 rerumque
732 1110 836 1160 capit
867 1107 1118 1147 moderamen
1138 1107 1409 1160 Erechtheus,

184 1166 335 1206 Iustitia
367 1166 529 1206 dubium
548 1198 559 1219 ,
589 1166 775 1206 validisne
807 1168 1006 1218 potentior
1038 1167 1179 1205 armis.

185 1225 378 1270 Quattuor
409 1225 474 1264 ille
506 1225 664 1277 quidem
695 1227 856 1265 iuvenes
882 1225 1125 1276 totidemque
1159 1232 1313 1264 crearat

98 1292 165 1324 680
184 1284 391 1324 Femineae
423 1286 571 1324 sortis:
598 1285 667 1324 sed
699 1290 783 1324 erat
814 1296 884 1336 par
916 1285 1041 1323 forma
1072 1284 1263 1336 duarum,

185 1342 215 1382 E
248 1342 390 1395 quibus
422 1343 602 1382 Aeolides
635 1343 828 1395 Cephalus
859 1349 898 1383 te
931 1345 1097 1394 coniuge
1129 1342 1246 1394 felix,

185 1402 351 1454 Procri,
382 1402 485 1441 suit:
516 1401 663 1441 Boreae
696 1402 847 1441 Tereus
878 1401 1131 1453 Thracesque
1163 1401 1381 1453 nocebant,

185 1460 410 1512 Dilectaque
443 1461 508 1500 diu
542 1454 669 1499 caruit
699 1460 796 1499 deus
829 1460 1028 1512 Orithyia,

186 1519 286 1558 Dum
317 1525 429 1570 rogat
460 1525 499 1558 et
530 1518 715 1570 precibus
746 1519 893 1558 mavult
924 1531 1042 1570 quam
1072 1517 1222 1557 viribus
1253 1520 1334 1558 uti.

99 1586 166 1618 685
186 1578 256 1617 Ast
286 1577 354 1617 ubi
379 1577 578 1617 blanditiis
609 1579 738 1629 agitur
769 1577 894 1629 nihil,
926 1576 1111 1616 horridus
1142 1579 1224 1630 ira,

188 1636 295 1682 Quae
328 1636 440 1675 solita
472 1642 533 1675 est
563 1636 619 1675 illi
651 1637 893 1687 nimiumque
927 1635 1140 1675 domestica
1171 1641 1311 1687 vento,

188 1693 254 1734 ‘Et
283 1696 424 1735 merito
445 1691 470 1734 !'
503 1695 600 1734 dixit
632 1692 741 1746 ‘quid
773 1696 878 1733 enim
911 1706 995 1733 mea
1027 1693 1103 1733 tela
1135 1693 1300 1745 reliqui,

189 1754 395 1793 Saevitiam
428 1760 467 1793 et
498 1755 602 1793 vires
633 1755 811 1805 iramque
843 1754 1072 1804 animosque
1103 1753 1300 1805 minaces,

187 1813 426 1863 Admovique
459 1824 597 1864 preces
616 1844 627 1865 ,
660 1824 825 1863 quarum
857 1823 919 1850 me
951 1811 1116 1850 dedecet
1146 1809 1278 1851 usus?

100 1880 168 1911 690
187 1873 286 1922 Apta
317 1871 412 1910 mihi
443 1873 501 1909 vis
528 1876 617 1910 est:
648 1872 685 1910 vi
716 1871 844 1909 tristia
875 1870 1008 1909 nubila
1038 1869 1165 1922 pello,

188 1930 233 1969 Vi
264 1931 363 1969 freta
394 1932 576 1969 concutio
594 1962 606 1982 ‚
638 1929 862 1980 nodosaque
895 1928 1036 1967 robora
1067 1934 1202 1981 verto,

190 1988 415 2039 Induroque
446 1990 555 2028 nives
587 1994 626 2027 et
658 1994 783 2027 terras
815 1987 1002 2039 grandine
1028 1986 1165 2038 pulso.

188 2047 296 2086 Idem
327 2059 399 2098 ego
431 2059 521 2086 cum
552 2047 694 2086 fratres
726 2046 832 2085 caelo
864 2058 951 2085 sum
984 2050 1122 2084 nactus
1154 2050 1289 2096 aperto
1323 2067 1376 2073 —

189 2105 286 2145 Nam
318 2105 412 2144 mihi
445 2118 605 2157 campus
635 2107 670 2145 is
702 2112 762 2145 est
794 2126 848 2132 —
882 2110 990 2144 tanto
1029 2104 1229 2142 molimine
1261 2103 1411 2156 luctor,

102 2172 168 2203 695
190 2164 241 2203 Ut
271 2164 424 2203 medius
455 2165 602 2204 nostris
634 2163 893 2203 concursibus
924 2165 1081 2202 insonet
1112 2162 1271 2215 aether,

189 2222 436 2274 Exiliantque
470 2224 574 2262 cavis
606 2222 692 2262 elisi
723 2222 894 2261 nubibus
925 2223 1059 2273 ignes.

189 2281 296 2320 Idem
333 2293 404 2332 ego
437 2293 526 2321 cum
559 2280 662 2320 subii
694 2292 865 2320 convexa
897 2281 1087 2319 foramina
1118 2286 1271 2334 terrae,

191 2339 467 2392 Subposuique
500 2340 609 2379 ferox
641 2341 729 2378 imis
761 2351 846 2378 mea
877 2344 987 2391 terga
1019 2340 1220 2392 cavernis,
