1554 2563
80 101 137 142 44
291 113 472 137 AGLAURUS
632 100 846 136 METAMM
860 129 868 137 .

111 219 179 251 800
198 210 447 263 inspiratque
480 222 626 250 nocens
658 212 766 250 virus
796 212 1031 262 piceumque
1061 222 1134 263 per
1163 221 1251 251 ossa

199 269 369 321 Dissipat
401 274 442 308 et
472 269 601 308 medio
633 270 781 322 spargit
810 269 996 321 pulmone
1027 281 1244 309 venenum.

200 327 323 378 [Neve
355 327 445 366 mali
477 339 616 367 causae
648 330 817 380 spatium
847 340 919 380 per
949 328 1065 368 latius
1097 334 1231 367 errent
1243 327 1272 380 ‚]

199 386 431 425 Germanam
462 392 552 426 ante
583 387 718 426 oculos
749 387 1071 438 fortunatumque
1102 387 1251 425 sororis

199 445 432 496 Coniugium
462 444 704 497 pulchraque
736 445 854 484 deum
885 445 958 485 sub
990 446 1157 497 imagine
1188 446 1322 498 ponit,

111 511 177 543 805
199 504 427 554 Cunctaque
459 515 597 555 magna
628 504 747 543 facit.
787 503 930 556 quibus
962 505 1113 543 irritata
1132 535 1143 556 ,
1174 503 1309 542 dolore

200 562 386 614 Cecropis
418 562 572 602 occulto
605 562 810 602 mordetur
841 568 881 602 et
910 564 1023 602 anxia
1055 568 1194 614 nocte,

199 621 322 660 Anxia
351 620 439 660 luce
470 623 619 673 gemit,
653 621 835 673 lentaque
867 622 1087 661 miserrima
1117 619 1206 661 tabe

199 679 405 732 Liquitur‚
436 685 482 719 ut
512 680 655 731 glacies
686 682 835 719 inserto
868 682 998 719 saucia
1030 679 1136 732 sole3

199 737 420 789 Felicisque
451 737 565 777 honis
597 750 675 778 non
707 738 835 778 lenius
866 740 996 778 uritur
1027 737 1196 791 Herses,

112 804 181 836 810
201 796 327 843 Quam
359 807 449 836 cum
480 798 650 848 spinosis
681 798 782 848 ignis
814 796 1050 849 subponitur
1074 796 1231 850 herbis,

199 855 309 901 Quae
335 867 464 906 neque
491 855 585 894 dant
608 855 782 895 flammas
800 887 811 908 ‚
842 855 999 907 lenique
1018 862 1155 908 tepore
1175 861 1421 896 cremantur,

203 914 328 966 Saepe
360 915 461 953 mori
493 914 645 967 voluit,
676 927 724 953 ne
758 916 967 966 quicquam
998 913 1073 954 tale
1105 914 1278 967 videret3

202 972 326 1024 Saepe
357 972 464 1012 velut
494 974 642 1012 crimen
674 973 800 1024 rigido
832 984 992 1012 narrare
1024 974 1201 1025 parenti:

202 1031 378 1082 Denique
410 1032 450 1070 in
483 1031 645 1070 adverso
676 1033 899 1070 venientem
930 1031 1063 1071 limine
1096 1031 1197 1070 sedit

114 1096 180 1129 815
202 1089 421 1129 Exelusura
453 1089 598 1129 deum.
637 1091 701 1129 cui
732 1089 995 1129 blandimenta
1025 1102 1244 1142 precesque

203 1147 407 1199 Verbaque
438 1149 598 1187 iactanti
623 1150 827 1188 mitissima
861 1146 1010 1188 ‘desine
1028 1145 1056 1202 ‚³
1089 1149 1186 1188 dixit

203 1204 319 1245 ‘Hinc
350 1218 423 1257 ego
454 1218 516 1246 me
548 1219 627 1246 non
659 1220 747 1247 sum
779 1209 855 1246 nisi
887 1213 925 1246 te
958 1213 1112 1247 motura
1144 1207 1302 1259 repulso
1318 1205 1343 1247 .’

203 1262 394 1315 ‘Stemus’
426 1266 479 1304 ait
511 1261 655 1317 ‘pacto'
686 1265 797 1305 velox
830 1265 1026 1316 Cyllenius
1059 1263 1189 1319 ‘isto,'

203 1323 456 1375 Caelatasque
489 1324 594 1363 fores
625 1325 732 1376 virga
763 1325 976 1376 patefecit:
1008 1330 1048 1363 at
1077 1324 1133 1363 illi

114 1390 184 1422 820
205 1382 378 1434 Surgere
409 1383 566 1421 conanti
597 1388 730 1434 partes
762 1395 1029 1434 quascumque
1055 1383 1227 1423 sedendo

202 1440 416 1480 Flectimus
434 1472 445 1493 ,
475 1442 611 1492 ignava
637 1447 841 1492 nequeunt
871 1443 1058 1493 gravitate
1083 1443 1254 1481 moveri.

203 1499 269 1538 Illa
302 1499 461 1550 quidem
492 1505 641 1551 pugnat
671 1505 780 1539 recto
813 1512 855 1539 se
886 1499 1065 1539 attollere
1095 1505 1261 1554 trunco,

204 1557 281 1597 Sed
313 1569 486 1609 genuum
516 1560 700 1597 iunctura
731 1560 862 1612 riget,
893 1559 1097 1610 frigusque
1128 1565 1367 1611 perurguet.

204 1615 384 1667 [Labitur
402 1648 413 1668 ,
444 1621 485 1656 et
508 1616 655 1668 pallent
685 1618 828 1656 amisso
860 1619 1048 1668 sanguine
1080 1629 1201 1657 venae
1216 1617 1243 1668 ‚J

115 1682 183 1715 825
202 1674 332 1726 thue
358 1674 502 1714 malum
533 1675 609 1714 late
641 1674 742 1714 solet
771 1675 1041 1714 inmedicabile
1074 1688 1216 1715 cancer

205 1732 374 1785 Serpere
392 1765 404 1785 ‚
429 1739 470 1772 et
499 1733 651 1772 illaesas
683 1735 826 1773 vitiatis
858 1734 1001 1773 addere
1032 1740 1186 1786 partes,

205 1791 270 1831 Sic
301 1791 427 1830 letalis
457 1791 582 1830 hiems
614 1791 798 1843 paulatim
830 1793 870 1831 in
901 1797 1062 1844 pectora
1093 1794 1199 1832 venit

203 1849 427 1901 vitalesque
458 1851 538 1888 vias
571 1856 611 1889 et
641 1851 897 1902 respiramina
928 1850 1090 1890 clausit.

202 1908 284 1948 Nec
316 1913 451 1947 conata
483 1908 591 1959 loqui
623 1915 712 1960 est,
743 1920 816 1948 nec
834 1940 846 1960 ‚
877 1910 910 1947 si
942 1914 1079 1948 conata
1110 1909 1274 1959 fuisset,

114 1975 183 2008 830
202 1966 317 2007 Vocis
347 1966 515 2006 habebat
545 1969 621 2006 iter
641 1998 650 2006 .
688 1978 823 2006 saxum
855 1968 932 2006 iam
963 1967 1059 2006 colla
1091 1966 1272 2019 tenebat,

206 2024 364 2077 Oraque
397 2025 643 2077 duruerant,
674 2027 910 2077 signumque
942 2037 1137 2077 exsangue
1169 2025 1350 2065 sedebat.

202 2083 284 2123 Nec
304 2083 401 2136 lapis
421 2083 531 2124 albus
550 2089 659 2124 erat:
685 2095 754 2123 sua
774 2095 885 2123 mens
905 2083 1096 2124 infecerat
1113 2083 1240 2124 illam.
1299 2093 1330 2120 f.
1349 2100 1424 2121 xxv-

263 2141 341 2181 Has
372 2142 440 2181 ubi
470 2141 683 2182 verborum
713 2153 860 2194 poenas
891 2144 1112 2194 mentisque
1143 2143 1328 2194 profanae

205 2199 318 2252 Cepit
348 2200 586 2240 Atlantiades
605 2232 616 2253 ‚
647 2201 770 2240 dictas
802 2212 823 2239 a
853 2199 1007 2240 Pallade
1038 2206 1164 2240 terras

115 2265 183 2299 835
205 2257 366 2309 Linquit
396 2265 436 2298 et
466 2259 687 2310 ingreditur
718 2260 869 2298 iactatis
900 2259 1058 2299 aethera
1089 2261 1252 2311 pennis.

206 2316 371 2356 Sevocat
402 2317 507 2356 hunc
539 2319 694 2368 genitor
714 2348 723 2357 .
761 2329 834 2357 nec
866 2329 1023 2357 causam
1055 2318 1182 2358 fassus
1214 2319 1356 2357 amoris
