1554 2563
140 132 227 174 250
383 143 535 166 mannus
689 129 905 165 METAMM
919 156 929 167 .

256 243 354 280 Ante
388 240 522 279 oculos
555 245 630 279 stat
661 245 700 279 et
731 240 795 278 ille
827 252 965 293 meos,
999 241 1065 291 qui
1097 252 1190 279 sena
1221 240 1378 280 leonum

168 309 236 341 430
257 300 443 339 Vinxerat
473 301 578 338 inter
609 311 651 337 se
684 300 843 338 conexis
874 298 1017 338 vellera
1049 299 1185 352 nodis,

254 359 518 397 Phaeocomes
538 390 548 410 ,
573 357 849 408 hominemque
876 357 991 396 simul
1010 363 1213 409 protectus
1233 369 1479 409 equumque:

256 417 398 456 Codice
431 418 499 467 qui
530 418 649 454 misso
668 448 679 468 ,
711 428 828 467 quem
859 417 921 454 vix
952 417 1042 467 iuga
1073 415 1165 454 bina
1196 422 1422 468 moverent,

167 485 235 516 433
256 475 484 528 Tectaphon
517 474 708 514 Oleniden
740 487 760 512 a
792 487 944 513 summo
976 476 1122 513 vertice
1154 475 1321 514 frendit.

169 543 236 575 439
257 535 328 574 Ast
358 547 430 586 ego
449 567 460 587 ‚
486 533 579 573 dum
604 539 716 585 parat
740 533 845 572 hunc
871 535 989 572 armis
1016 533 1164 572 nudare
1196 535 1410 586 iacentem,
1427 555 1477 560 ——

258 593 340 633 Scit
370 598 463 633 tuus
495 592 569 632 hoc
600 594 755 643 genitor
789 614 839 619 --
875 592 1045 643 gladium
1076 592 1279 643 spoliantis
1309 593 1351 631 in
1382 593 1457 631 ima

258 652 325 691 Ilia
356 651 524 690 demisi.
562 651 779 690 Chthonius
812 663 969 702 quoque
1001 650 1271 701 Teleboasque

256 711 360 750 Ense
392 712 521 749 iacent
552 716 688 749 nostro
708 741 716 748 .
754 721 907 748 ramum
938 711 1047 761 prior
1078 709 1141 748 ille
1172 709 1371 749 bifurcum

258 769 441 808 Gesserat
459 801 470 821 ,
500 769 564 808 hic
596 768 766 807 iaculum
786 799 794 807 .
833 767 958 807 iaculo
991 768 1086 807 mihi
1116 768 1277 807 vulnera
1309 769 1423 808 fecit.

259 828 377 880 Signa
408 828 516 867 vides
535 860 546 880 ,
577 833 739 879 apparet
770 826 896 866 adhuc
928 832 1039 866 vetus
1070 826 1160 866 inde
1193 828 1375 868 cicatrix,

169 896 236 926 445
257 888 369 926 Tunc
401 899 472 937 ego
505 885 718 925 debueram
750 885 937 937 capienda
968 885 1015 924 ad
1046 885 1235 937 Pergama
1265 887 1390 925 mitti:

258 946 359 985 Tum
389 951 567 997 poteram
598 946 757 997 magni,
789 946 823 984 si
853 956 932 983 non
964 956 1151 995 superare
1170 976 1181 997 ,
1213 946 1358 983 morari

258 1004 439 1044 Hectoris
472 1016 578 1042 arma
610 1005 736 1042 meis,
774 1003 839 1042 illo
871 1003 940 1042 sed
973 1008 1151 1055 tempore
1183 1003 1338 1056 nullus,

258 1065 335 1102 Aut
366 1075 466 1114 puer
497 1061 643 1101 Hector
677 1067 790 1102 erat:
821 1074 927 1101 nunc
958 1074 1020 1100 me
1052 1074 1138 1100 mea
1170 1062 1301 1101 deficit
1332 1068 1458 1113 aetas..

260 1122 361 1167 Quid
394 1121 465 1160 tihi
497 1123 685 1160 victorem
717 1121 862 1171 gemini
892 1120 1129 1171 Periphanta
1160 1120 1367 1172 Pyraethi‚

171 1187 239 1219 450
259 1181 429 1231 Ampyca
461 1180 554 1230 quid
586 1180 754 1218 reseram
773 1177 795 1217 i>
827 1181 894 1230 qui
926 1178 1260 1230 quadrupedantis
1291 1178 1444 1218 Echetli

259 1239 362 1277 Fixit
392 1239 432 1276 in
465 1238 627 1276 adverso
661 1249 826 1276 cornum
858 1239 942 1276 sine
976 1237 1138 1289 cuspide
1170 1237 1279 1277 vultu

260 1297 377 1335 Vecte
409 1296 706 1335 Pelethronium
737 1296 938 1334 Macareus
970 1297 1010 1334 in
1041 1302 1180 1347 pectus
1213 1296 1348 1335 adacto

261 1355 407 1394 Stravit
436 1354 681 1405 Erigdupum
700 1385 709 1393 .
748 1355 908 1393 memini
939 1360 979 1393 et
1008 1354 1198 1393 venabula
1229 1354 1343 1393 condi

259 1414 422 1464 Inguine
454 1413 612 1451 Nesseis
644 1412 824 1451 manibus
856 1414 1032 1452 coniecta
1063 1412 1231 1464 Cymeli.

172 1479 239 1512 455
260 1473 341 1511 Nec
372 1477 415 1511 tu
448 1471 663 1511 credideris
695 1478 847 1510 tantum
879 1473 1068 1510 cecinisse
1101 1473 1233 1511 futura

261 1530 501 1582 Ampyciden
533 1530 712 1581 Mopsum
732 1561 740 1569 .
778 1530 913 1581 Mopso
946 1530 1139 1569 iaculante
1170 1530 1350 1569 biformis

262 1589 455 1629 Occubuit
485 1590 710 1639 frustraque
742 1588 849 1639 loqui
880 1590 1083 1640 temptavit
1112 1589 1274 1628 Hodites

261 1648 318 1687 Ad
349 1654 527 1686 mentum
557 1647 689 1697 lingua
720 1653 931 1697 mentoque
964 1647 1011 1686 ad
1043 1654 1202 1698 guttura
1233 1648 1332 1686 fixo.

262 1707 445 1758 Quinque
477 1707 565 1744 neci
598 1706 774 1744 Caeneus
807 1705 997 1758 dederat,
1030 1706 1338 1758 Styphelumque

1220 1764 1482 1816 Bromumque

173 1832 242 1864 460
262 1822 615 1874 Antimachumque
636 1822 893 1874 Elymumque
915 1823 1253 1875 securiferumque
1273 1823 1484 1875 Pyracten.

261 1881 431 1921 Vulnera
462 1894 541 1920 non
573 1883 762 1933 memini,
793 1893 1002 1920 numerum
1033 1894 1255 1933 nomenque
1287 1883 1438 1921 notavi.

261 1940 443 1980 Provolat
473 1940 644 1979 Emathii
676 1939 809 1991 spoliis
841 1946 1013 1978 armatus
1044 1939 1198 1991 Halesi,

264 1999 389 2045 Quem
421 1998 583 2037 dederat
614 1998 691 2037 leto
710 2030 721 2050 ,
753 1997 939 2037 membris
972 2004 1011 2036 et
1041 2010 1207 2049 corpore
1239 1997 1403 2037 Latreus

263 2057 453 2096 Maximus
474 2088 482 2096 .
521 2057 612 2096 huic
644 2062 749 2095 aetas
781 2058 884 2095 inter
915 2058 1173 2107 iuvenemque
1206 2069 1443 2109 senemque,

178 2124 245 2155 465
268 2115 333 2154 Vis
364 2115 554 2154 iuvenalis
586 2121 699 2167 erat3
731 2114 931 2154 variabant
962 2120 1139 2166 tempora
1171 2117 1279 2154 cani.

266 2174 342 2219 Qui
374 2174 500 2225 clipeo
532 2173 737 2225 gladioque
769 2173 1072 2224 Macedoniaque
1105 2175 1247 2212 sarissa

265 2232 510 2283 Conspicuus
542 2233 758 2283 faciemque
790 2231 979 2270 obversus
1010 2233 1050 2270 in
1082 2243 1220 2282 agmen
1251 2238 1463 2284 utrumque

264 2291 458 2340 Armaque
491 2292 691 2330 concussit
723 2296 954 2340 certumque
986 2291 1174 2340 equitavit
1204 2291 1245 2329 in
1277 2290 1435 2340 orbem,

265 2347 469 2399 Verbaque
501 2354 560 2387 tot
592 2349 692 2387 fudit
723 2360 863 2387 vacuas
895 2349 1093 2387 animosus
1124 2350 1165 2387 in
1197 2361 1335 2389 auras:
