1554 2563
596 101 646 136 XI
663 129 672 146 ‚
698 106 884 137 567—640
899 129 907 136 .
1053 114 1183 138 somme
1333 100 1418 144 233

194 211 335 251 Invitat
365 223 524 251 somnos
556 210 842 263 crepitantibus
873 210 977 251 unda
1007 210 1170 263 lapillis.

107 278 173 310 605
194 270 293 309 Ante
326 270 430 309 fores
462 271 564 310 antri
596 268 762 310 fecunda
794 282 985 322 papavera
1015 270 1158 310 ssorent

194 329 505 380 Innumeraeque
538 328 682 368 herbae
701 361 712 381 ‚
745 341 911 380 quarum
943 329 991 368 de
1022 329 1121 368 lacte
1154 341 1335 381 soporem

194 387 278 426 Nox
309 387 402 438 legit
434 394 473 426 et
505 389 654 439 spargit
684 399 756 439 per
787 400 927 439 opacas
960 388 1090 427 umida
1122 394 1270 428 terras.

193 446 311 485 Ianua
329 477 340 499 ‚
372 458 422 485 ne
454 458 567 485 verso
599 445 789 485 stridores
822 446 979 486 cardine
1012 446 1172 498 reddat,

193 504 306 544 Nulla
338 505 452 544 domo
485 510 595 557 tota;
627 510 760 544 custos
792 506 833 544 in
864 505 998 544 limine
1029 505 1183 544 nullus.

106 571 173 603 610
193 564 242 602 At
273 563 401 602 medio
433 569 545 603 torus
577 569 637 603 est
668 563 793 602 ebeno
827 563 1004 603 subl-imis
1036 565 1076 602 in
1109 570 1245 617 antro,

113 644 167 650 —
192 622 378 661 Plumeus
397 654 408 675 ,
439 621 619 661 unicolor
637 653 648 675 ,
679 622 786 674 pullo
818 622 1008 662 velamine
1039 629 1191 675 tectus3

194 680 279 727 Quo
312 680 429 720 cubat
459 683 543 732 ipse
576 681 673 720 deus
704 681 891 720 membris
923 682 1111 733 languore
1143 682 1305 722 solutis.

194 739 307 778 IIunc
340 741 445 779 circa
476 741 623 792 passim
655 742 780 779 varias
811 742 1002 779 imitantia
1033 741 1178 779 formas

195 798 350 837 Somnia
383 810 480 837 vana
511 800 641 838 iacent
673 799 863 851 totidem,
895 805 991 850 quot
1021 801 1161 839 messis
1193 801 1354 853 aristas,

106 865 172 896 615
195 857 297 896 Silva
329 858 430 908 gerit
461 858 650 910 frondes,
682 859 826 897 eiectas
857 858 951 897 litus
982 857 1171 898 harenas.

194 915 279 962 Quo
312 916 427 955 simul
459 918 618 955 intravit
635 948 646 968 ‚
678 916 937 968 manibusque
970 916 1164 956 obstantia
1195 919 1303 969 virgo

195 974 354 1013 Somnia
386 974 576 1027 dimovit,
607 976 727 1014 vestis
758 975 909 1026 fulgore
941 974 1087 1014 reluxit

195 1033 314 1072 Sacra
346 1033 514 1073 domus:
547 1033 735 1085 tardaque
768 1033 866 1072 deus
897 1035 1084 1085 gravitate
1116 1036 1288 1074 iacentes

193 1091 265 1130 Vix
296 1092 430 1131 oculos
462 1092 603 1131 tollens
621 1124 633 1145 ‚
664 1094 887 1143 iterumque
919 1094 1142 1143 iterumque
1175 1093 1354 1132 relabens

106 1159 174 1190 620
196 1150 434 1202 Summaque
465 1152 693 1202 percutiens
726 1152 881 1190 nutanti
912 1156 1072 1202 pectora
1104 1158 1261 1204 mento,

193 1210 380 1249 Excussit
410 1209 568 1249 tandem
600 1209 674 1248 sibi
706 1221 778 1262 se,
810 1209 1022 1261 cubitoque
1055 1210 1228 1263 levatus,

195 1268 298 1314 Quid
331 1269 488 1321 veniat,
519 1289 575 1296 -—
608 1269 789 1320 cognovit
820 1260 931 1307 enim'
951 1289 1006 1295 —
1033 1270 1226 1309 scitatur.
1265 1276 1304 1309 at
1334 1269 1421 1310 illa:

196 1325 380 1380 ‘Somne‚
406 1328 517 1378 quies
543 1339 700 1379 rerum,
726 1326 1011 1380 placidissime,
1038 1327 1206 1381 Somne,
1233 1328 1422 1382 deorum,

194 1386 273 1425 Pax
305 1387 453 1438 animi,
486 1398 603 1437 quem
635 1397 729 1424 cura
760 1386 860 1437 fugit
877 1417 888 1438 ‚
921 1388 989 1436 qui
1021 1398 1186 1437 corpora
1218 1387 1327 1426 duris

108 1452 174 1484 625
194 1444 313 1483 Fessa
344 1446 573 1483 ministeriis
605 1444 755 1483 mulces
786 1456 1025 1495 reparasque
1056 1444 1207 1484 labori!

198 1503 384 1556 Somnia,
418 1515 516 1554 quae
548 1514 660 1542 veras
692 1509 862 1554 aequent
892 1504 1107 1542 imitamine
1140 1504 1309 1557 formas,

196 1561 390 1601 Herculea
421 1561 615 1600 Trachine
646 1560 738 1600 iube
770 1560 843 1600 sub
875 1562 1042 1613 imagine
1075 1564 1179 1613 regis

196 1621 395 1672 Alcyonen
427 1620 595 1673 adeant,
628 1619 914 1671 simulacraque
946 1621 1132 1672 naufraga
1163 1622 1332 1672 fingant.

196 1679 368 1731 Imperat
397 1679 472 1718 hoc
503 1676 640 1719 luno?
679 1684 887 1730 postquam
918 1679 1097 1719 mandata
1127 1682 1303 1733 peregit,

109 1747 177 1778 630
197 1738 270 1778 Iris
302 1738 412 1778 abit:
443 1750 572 1789 neque
605 1739 710 1777 enim
741 1737 908 1777 ulterius
940 1737 1108 1778 tolerare
1140 1740 1295 1790 vaporis

197 1796 282 1836 Vim
314 1803 497 1850 poterat,
527 1796 683 1848 labique
715 1802 760 1835 ut
791 1808 973 1836 somnum
1004 1798 1128 1836 sensit
1157 1799 1198 1837 in
1231 1804 1363 1850 artus,

196 1855 344 1907 Effugit
361 1888 372 1908 ‚
404 1862 444 1895 et
473 1862 623 1895 remeat
653 1867 725 1907 per
757 1867 855 1906 quos
887 1855 1001 1894 modo
1033 1862 1194 1895 venerat
1225 1868 1367 1896 arcus,

257 1916 305 1954 At
335 1921 447 1966 pater
479 1927 500 1954 e
531 1914 676 1966 populo
708 1919 890 1953 natorum
921 1914 1025 1953 mille
1058 1926 1220 1954 suorum

198 1973 353 2013 Excitat
383 1974 573 2014 artificem
604 1972 950 2023 simulatoremque
981 1973 1129 2024 figurae

112 2040 177 2071 635
198 2032 412 2084 Morphea.
452 2045 530 2072 non
562 2032 626 2071 illo
658 2033 787 2071 iussos
819 2030 1017 2070 sollertius
1049 2031 1147 2070 alter

199 2091 394 2143 Exprimit
423 2093 604 2131 incessus
635 2091 864 2141 vultumque
897 2101 1116 2141 sonumque
1147 2090 1358 2143 loquendi;

199 2150 328 2189 Adicit
359 2156 398 2190 et
428 2156 558 2190 vestes
590 2156 630 2189 et
661 2150 961 2188 consuetissima
993 2151 1136 2200 cuique

200 2208 326 2248 Verba
345 2239 355 2248 .
393 2208 462 2249 sed
493 2209 558 2248 hic
590 2208 694 2247 solos
726 2208 904 2247 homines
936 2210 1112 2247 imitatur
1132 2238 1141 2247 .
1180 2214 1218 2247 at
1250 2207 1347 2247 alter

199 2267 263 2306 Fit
293 2268 375 2307 fera
393 2299 405 2320 ‚
436 2268 480 2307 fit
510 2267 680 2306 volucris
699 2299 710 2320 ‚
742 2268 784 2306 fit
814 2267 930 2318 longo
963 2278 1129 2318 corpore
1161 2278 1347 2318 serpens.

112 2334 183 2383 scio
199 2326 313 2366 Hunc
345 2326 475 2366 Icelon
507 2327 672 2380 superi,
704 2325 867 2365 mortale
898 2325 1120 2365 Phobetora
1150 2325 1289 2377 vulgus
