1554 2563
565 113 616 147 ΙΙΙ
630 139 640 157 ‚
666 116 852 148 507—580
866 140 874 148 .
1025 125 1201 148 ramanus
1344 112 1398 154 61

176 222 363 274 illiusque
395 224 544 262 animos
563 255 575 276 ‚
607 224 674 275 qui
705 222 848 262 multos
879 222 1051 274 perdidit
1081 234 1208 276 unus,

92 289 160 321 545
182 282 335 321 Sumite
367 280 592 333 serpentis!
623 293 695 334 pro
728 281 903 320 sontibus
934 280 998 321 ille
1030 281 1195 333 lacuque

179 340 362 379 Interiit:
393 345 432 378 at
462 352 530 379 vos
561 352 633 392 pro
654 341 754 379 fama
785 341 928 379 vincite
960 340 1110 379 vestra!

179 398 247 438 Ille
280 397 387 437 dedit
417 397 494 438 leto
527 399 649 438 sortes
667 431 679 452 ‚
710 411 778 438 vos
809 398 941 450 pellite
973 399 1133 451 molles,

180 457 230 496 Et
259 458 431 508 patrium
462 459 630 497 retinete
661 457 811 497 decus.
849 459 883 496 si
914 457 990 496 fata
1022 457 1204 498 vetabant

181 516 294 555 Stare
325 515 392 554 diu
424 515 579 555 Thebas
597 549 608 569 ‚
640 517 789 555 utinam
821 522 1016 555 tormenta
1046 518 1198 568 virique

94 582 161 615 550
181 574 333 614 Moenia
364 574 598 627 diruerent,
631 576 858 626 ferrumque
890 577 1069 627 ignisque
1102 575 1310 616 sonarent!

180 633 367 672 Essemus
398 634 534 672 miseri
565 635 649 673 sine
682 635 876 685 crimine;
909 646 1074 684 sorsque
1107 634 1328 687 querenda,

180 691 267 731 Non
299 691 458 730 celanda
490 693 593 732 soret
610 724 621 744 ,
652 692 913 743 lacrimaeque
945 692 1096 744 pudore
1128 699 1327 733 carerent.

181 752 230 790 At
260 762 365 790 nunc
397 763 418 789 a
448 763 572 802 puero
605 750 760 790 Thebae
794 753 998 803 capientur
1029 753 1193 804 inermi,

182 809 307 855 Quem
327 821 454 860 neque
475 809 575 848 bella
593 811 749 862 iuvant,
769 822 842 849 nec
861 810 937 849 tela
950 842 961 862 ,
980 822 1053 849 nec
1073 823 1169 850 usus
1189 823 1381 863 equorum
1395 844 1406 865 9

95 875 162 908 555
185 868 261 907 Sed
294 867 438 907 madidi
469 880 603 907 murra
635 871 765 908 crines
796 868 1011 920 mollesque
1044 881 1212 908 coronae

182 927 442 978 Purpuraque
476 933 516 966 et
546 929 661 978 pictis
694 929 888 967 intextum
920 927 1094 967 vestibus
1125 940 1286 968 aurum.

181 985 307 1031 Quem
328 985 486 1036 quidem
505 998 576 1037 ego
597 992 796 1038 actutum,
822 985 936 1025 modo
956 998 1024 1024 vos
1045 986 1220 1026 absistite
1235 1018 1246 1039 ‚
1271 998 1405 1039 cogam

181 1045 512 1096 Assumptumque
545 1052 696 1096 patrem
728 1051 1025 1096 commentaque
1058 1057 1167 1084 sacra
1199 1046 1335 1085 fateri.

182 1104 239 1141 An
272 1104 365 1142 satis
397 1103 548 1142 Acrisio
580 1109 640 1143 est
670 1105 788 1143 animi
806 1135 818 1156 ,
849 1109 1103 1142 contemnere
1134 1116 1277 1143 vanum

95 1170 162 1201 560
182 1161 335 1200 Numen
368 1168 408 1201 et
438 1162 635 1212 Argolicas
667 1163 839 1202 venienti
870 1162 1052 1201 claudere
1084 1168 1242 1215 portas,

182 1220 356 1259 Penthea
386 1219 553 1260 terrebit
585 1233 675 1260 cum
706 1222 799 1260 totis
831 1220 976 1260 advena
1008 1219 1190 1261 Thebis?

183 1279 239 1318 Ite
271 1280 338 1318 citi
356 1275 383 1331 ‚'
410 1300 464 1306 —
485 1279 640 1318 famulis
672 1279 746 1319 hoc
770 1281 938 1331 imperat
969 1301 1024 1307 ——
1058 1277 1126 1318 ‘ite
1146 1311 1156 1331 ‚
1187 1280 1406 1331 ducemque

183 1337 374 1377 Attrahite
406 1337 484 1377 huc
515 1337 718 1377 vinctum!
750 1340 867 1377 iussis
899 1350 1008 1377 mora
1040 1340 1170 1389 segnis
1203 1338 1337 1378 abesto
1353 1336 1376 1378 .'

183 1395 296 1435 Hunc
316 1408 410 1435 avus
428 1428 439 1448 ‚
470 1396 576 1436 hunc
595 1397 777 1436 Athamas
796 1428 807 1449 ,
832 1397 940 1436 hunc
960 1402 1091 1436 cetera
1110 1396 1225 1436 turba
1245 1409 1406 1437 suorum

96 1462 164 1494 565
185 1454 413 1506 Corripiunt
444 1454 559 1494 dictis
592 1455 817 1506 frustraque
848 1455 1027 1494 inhibere
1060 1455 1260 1494 laborant.

183 1514 322 1552 Acrior
354 1513 555 1553 admonitu
587 1521 676 1566 est,
707 1515 965 1564 irritaturque
997 1520 1149 1552 retenta

184 1571 234 1611 Et
265 1573 410 1611 crescit
440 1571 568 1611 rabies
587 1604 598 1624 ‚
630 1574 968 1623 remoraminaque
999 1573 1083 1623 ipsa
1115 1572 1330 1611 nocebant.

186 1630 252 1670 Sic
284 1643 355 1682 ego
387 1637 605 1670 torrentem
637 1643 713 1682 qua
744 1630 798 1670 nil
830 1630 1009 1669 obstabat
1040 1633 1173 1684 eunti,

185 1688 330 1728 Lenius
363 1696 403 1728 et
433 1689 587 1728 modico
621 1691 789 1741 strepitu
822 1689 1035 1728 decurrere
1067 1689 1168 1729 vidi:

97 1755 165 1787 570
185 1748 233 1786 At
264 1760 511 1799 quacumque
542 1747 674 1788 trabes
706 1747 986 1799 obstructaque
1019 1759 1109 1786 saxa
1141 1747 1350 1801 tenebant,

186 1806 382 1857 Spumeus
413 1813 453 1846 et
484 1808 640 1846 fervens
672 1813 712 1846 et
742 1807 788 1846 ab
822 1806 933 1845 obice
966 1809 1117 1845 saevior
1148 1806 1251 1845 ibat.

185 1864 287 1904 Ecce
320 1867 515 1904 cruentati
546 1865 715 1904 redeunt
746 1871 813 1917 et,
844 1864 1020 1903 Bacchus
1053 1864 1120 1903 ubi
1152 1873 1280 1916 esset,

187 1923 400 1968 Quaerenti
431 1923 587 1963 domino
619 1924 816 1963 Bacchum
848 1923 990 1962 vidisse
1023 1930 1239 1975 negarunt,

187 1979 330 2021 ‘Hunc'
363 1982 497 2022 dixere
518 1980 663 2022 ‘tamen
696 1984 879 2022 comitem
910 1981 1177 2032 famulumque
1209 1993 1409 2020 sacrorum

98 2046 166 2079 575
187 2037 386 2091 Cepimus’
419 2046 460 2080 et
489 2041 650 2080 tradunt
681 2040 861 2080 manibus
892 2045 983 2092 post
1014 2046 1123 2091 terga
1154 2040 1303 2091 ligatis.

188 2096 326 2147 [Sacra
358 2097 421 2135 dei
453 2098 647 2148 quendam
679 2099 881 2150 Tyrrhena
913 2104 1028 2150 gente
1062 2097 1273 2148 secutum]

245 2156 394 2207 Aspicit
424 2155 529 2195 hunc
548 2155 749 2195 Pentheus
780 2154 904 2194 oculis
924 2186 935 2207 ,
967 2166 1065 2206 quos
1097 2156 1155 2193 ira
1187 2155 1411 2194 tremendos

186 2212 378 2265 Fecerat3
410 2220 450 2253 et
480 2225 716 2265 quamquam
747 2225 895 2265 poenae
927 2214 989 2252 vix
1022 2219 1198 2264 tempora
1230 2214 1383 2266 differt,

189 2268 237 2310 Ὃ
269 2273 445 2323 periture
476 2278 622 2323 tuaque
654 2271 738 2311 aliis
770 2271 1005 2310 documenta
1035 2271 1173 2311 dature

102 2336 169 2369 580
188 2328 313 2368 Morte
333 2326 358 2381 ,⁹
390 2331 444 2370 ait
475 2327 562 2370 ‘ede
593 2336 706 2370 tuum
737 2342 880 2369 nomen
911 2342 1133 2383 nomenque
1166 2336 1372 2382 parentum
