1554 2563
153 119 219 154 XII

152 242 254 268 nam.
303 243 421 269 versu
453 231 630 279 proximo
664 231 852 269 obstantes
882 242 1004 269 remos
1028 230 1222 269 librorum
1247 229 1422 268 omnium
1446 233 1491 268 ut

153 287 266 337 potui
296 288 512 327 emendavi.
562 288 661 326 remi
691 300 779 326 cum
811 301 834 326 a
864 289 1083 338 remigibus
1115 289 1409 338 relinquuntur,
1449 289 1491 326 in

152 347 416 385 mediocribus
448 347 619 396 navigiis
650 347 815 385 haerent
846 348 1002 385 sealmis
1029 349 1070 385 et
1095 348 1272 396 struppis
1298 347 1491 396 suspensi,

152 407 193 442 et
230 408 300 442 aut
335 406 477 443 natant
512 405 732 444 manubriis
771 406 988 443 introrsum
1026 406 1170 456 versis,
1214 407 1284 443 aut
1320 405 1493 454 pendent

156 466 316 512 propter
347 465 466 514 latus,
496 464 590 502 navi
615 465 733 502 vento
766 466 895 514 eunte,
928 473 959 502 X
979 465 1077 503 475.
1127 465 1199 502 hoc
1231 465 1364 502 autem
1394 465 1492 514 loco,

152 534 241 560 cum
279 523 462 561 navicula
503 523 676 572 sistitur,
706 536 742 561 v.
765 524 866 571 660,
910 524 1008 560 remi
1047 523 1302 572 implicantur
1341 524 1382 560 et
1423 523 1508 560 im:

152 580 384 630 pediuntur,
419 582 521 631 664,
554 581 718 619 simulac
750 581 1005 631 deseruntur,
1040 583 1136 630 670,
1168 582 1395 631 eriguntur,
1427 582 1493 619 ab·

154 641 273 689 stant,
305 640 570 678 abstinentur.
630 639 819 678 credibile
851 641 913 678 est
943 641 1145 678 obstituros
1174 640 1315 690 fuisse,
1349 640 1382 678 si
1412 651 1493 677 ma-

152 710 226 736 nus
271 699 595 747 admoverentur,
633 699 774 737 obverti
812 699 1126 748 temptarentur3
1169 710 1261 736 nam
1299 699 1493 736 obvertun-

153 760 216 795 tur
248 757 329 795 fere
355 769 455 806 quae
481 769 502 795 e
527 758 637 795 motu
662 757 828 795 fortuito
855 757 904 794 ad
930 758 1082 795 certum
1109 757 1226 795 finem
1252 757 1494 806 diriguntur,

154 823 188 853 II
209 817 294 854 470
326 824 374 853 XI
394 816 478 853 475
512 823 580 853 XII
602 816 703 853 605:
737 815 805 853 sed
836 815 946 864 ipsae
984 828 1123 854 manus
1156 816 1268 853 extra
1299 816 1493 864 parietem

153 874 265 912 navis
309 874 463 923 porrigi
506 886 585 911 non
626 874 829 923 poterant,
870 887 906 912 v.
934 875 1029 912 676.
1180 871 1264 912 724
1303 874 1494 912 TRUNCA

154 941 241 971 SED
280 940 553 971 OSTENDENS
591 939 807 971 DEIECTIS
845 940 1066 970 VULNERA
1103 940 1321 971 MEMBRIS.
1379 932 1494 971 dede-

154 1004 239 1028 ram
271 991 365 1028 olim
398 992 438 1028 et
469 991 600 1029 editur
630 991 752 1039 vulgo
785 1003 806 1028 e
837 991 950 1028 libris
981 991 1162 1040 plurimis
1194 992 1359 1030 disiectis
1382 1003 1494 1029 mem·

154 1051 251 1097 bris,
288 1050 349 1087 uti
386 1051 448 1087 est
484 1058 552 1087 XII
573 1050 655 1087 367
690 1050 885 1088 disiectum
920 1050 1085 1088 vulnere.
1148 1050 1217 1087 sed
1253 1062 1379 1098 neque
1417 1050 1494 1088 dis-

154 1108 293 1157 iectas,
345 1108 413 1146 sed
462 1108 613 1146 ablatas
661 1120 801 1145 manus
848 1108 1036 1158 legimus,
1085 1119 1212 1157 neque
1262 1108 1369 1146 aliud
1418 1108 1494 1146 dici

155 1167 369 1216 attinebat,
414 1179 502 1204 cum
546 1166 745 1205 ablativus
788 1167 955 1215 uterque
998 1166 1168 1215 pendeat
1212 1167 1260 1204 ab
1299 1167 1494 1205 adiectivo

155 1229 303 1263 trunca.
353 1226 496 1264 deicere
526 1225 692 1263 verbum
723 1226 786 1263 est
817 1225 1019 1273 impensae
1044 1225 1270 1274 violentiae,
1304 1237 1382 1275 qua
1413 1226 1492 1263 ani-

154 1284 309 1322 mantes
348 1285 418 1321 aut
455 1284 673 1321 inanimata
710 1284 907 1321 tolluntur
945 1285 986 1321 et
1023 1284 1303 1327 absumuntur,
1335 1292 1389 1322 ΙΙΙ
1409 1285 1492 1322 303

156 1351 203 1380 IX
231 1343 311 1380 196
351 1342 472 1391 Verg.
504 1342 602 1380 Aen.
635 1350 683 1379 IX
706 1344 790 1380 770
827 1350 876 1379 XI
899 1343 980 1380 642
1017 1343 1098 1380 665
1138 1342 1225 1380 Val.
1257 1342 1315 1380 ΕΙ.
1353 1351 1370 1380 1
1398 1344 1494 1381 191.

155 1401 322 1450 denique
364 1401 460 1438 haec
503 1402 566 1438 est
605 1401 644 1437 M
683 1400 899 1438 auctoritas
943 1401 1063 1449 atque
1099 1401 1228 1450 prima
1266 1401 1350 1439 eius
1390 1401 1496 1438 modi

155 1460 370 1508 scriptura,
410 1459 537 1508 cuius,
582 1459 700 1507 longe
738 1470 855 1507 saepe
893 1459 1095 1508 graviora,
1139 1460 1318 1508 exempla
1355 1460 1495 1508 quovis

155 1518 298 1556 abhinc
328 1518 430 1556 libro
463 1518 578 1555 terna
609 1518 679 1554 aut
709 1519 914 1567 quaterna,
946 1526 1027 1555 XIV
1059 1530 1137 1566 sex,
1168 1530 1271 1556 nova
1295 1518 1495 1566 proferen-

155 1578 239 1627 tur3
271 1577 409 1614 eodem
439 1576 522 1614 fere
553 1588 729 1626 numero,
761 1588 837 1625 quo
863 1576 904 1613 in
928 1576 1135 1625 proecdosi
1161 1577 1231 1613 aut
1256 1576 1494 1614 emendatio-

155 1648 224 1673 nes
257 1636 328 1672 aut
359 1634 679 1672 emendationum
711 1635 984 1673 sustentacula
1014 1647 1061 1673 ex
1097 1647 1142 1673 eo
1174 1635 1276 1672 libro
1309 1636 1402 1673 sunt
1433 1634 1494 1672 de-

156 1694 326 1742 sumpta.
446 1693 629 1731 Aliorum
659 1693 905 1731 coniecturas
936 1693 978 1730 in
1008 1693 1082 1732 hoc
1106 1693 1208 1731 libro
1233 1705 1311 1731 non
1335 1693 1495 1731 memini

156 1752 279 1800 recipi
309 1752 589 1800 praeterquam
620 1750 787 1801 Hauptii
820 1753 916 1800 597,
958 1764 1076 1801 quam
1113 1751 1340 1800 praeiverat
1371 1751 1494 1789 Lach-

156 1822 323 1849 mannus
364 1810 478 1847 Lucr.
516 1818 564 1847 IV
599 1811 728 1859 1130;
779 1811 835 1859 et,
885 1811 999 1859 puto,
1049 1810 1352 1858 typothetarum
1401 1810 1495 1848 olim

156 1881 335 1907 meorum
373 1870 455 1907 576
497 1869 707 1915 quendem»,-
750 1880 842 1906 nam
880 1869 921 1905 et
956 1868 1065 1905 MLE
1103 1868 1252 1906 habent
1293 1869 1496 1918 quondam,

157 1928 261 1977 quod
281 1927 481 1976 Hauptius
506 1928 774 1975 revocaverat,
798 1939 925 1976 neque
950 1927 1076 1964 ullum
1101 1926 1248 1964 librum
1274 1928 1344 1964 aut
1364 1928 1496 1965 aucto—

157 1998 240 2024 rem
270 1986 380 2035 novi,
418 1986 480 2023 cui
511 1986 683 2023 alterum
714 1985 899 2022 tribuam.
948 1985 989 2022 in
1020 1985 1240 2022 manifestis
1271 1985 1313 2022 M
1343 1985 1495 2024 mendis

157 2044 404 2083 removendis
442 2044 812 2093 grammaticorum,
855 2043 998 2081 codicis
1038 2043 1070 2080 L
1113 2044 1155 2081 et
1191 2043 1497 2082 Heinsianorum

157 2102 262 2140 idem
292 2114 387 2140 usus
419 2102 508 2152 fuit,
539 2103 606 2151 qui
636 2102 677 2139 in
708 2101 978 2150 superioribus
1010 2102 1134 2139 libris.
1185 2102 1253 2140 sed
1284 2102 1396 2151 coepi
1429 2102 1496 2140 ab·

158 2161 249 2198 hinc
292 2162 454 2198 enotare
492 2173 592 2209 quae
624 2160 863 2198 Erfurtanus
899 2160 1109 2209 vetustior,
1149 2160 1243 2198 olim
1283 2173 1307 2198 a
1344 2161 1495 2198 Zinzer-

158 2219 281 2267 lingio
320 2219 542 2267 adhibitus,
581 2219 676 2256 mihi
710 2218 990 2267 suppeditavit.
1041 2218 1182 2256 admisi
1214 2220 1309 2257 haec
1342 2231 1496 2269 quoque

159 2278 278 2326 paulo
323 2289 441 2326 quam
485 2277 579 2314 olim
622 2277 797 2326 parcius,
840 2288 911 2315 nec
955 2289 1041 2315 sum
1084 2277 1271 2326 dignatus
1316 2278 1496 2326 quamvis

159 2337 301 2384 argute
345 2335 587 2384 interpolata
631 2338 672 2373 et
708 2335 930 2374 eruditione
974 2335 1057 2373 eius
1102 2336 1188 2374 aevi
1232 2335 1411 2374 delibuta
1446 2335 1494 2374 ad
