1554 2563
139 108 225 148 274
274 119 424 142 οΕΝοΤιι.
451 118 642 140 CORONIDES
692 104 908 139 METAMM

169 226 237 257 670
257 216 431 256 Muneris
464 220 601 254 auctor
632 226 775 266 opem:
807 216 840 254 si
871 216 970 253 miro
1002 214 1168 265 perdere
1200 226 1307 254 more

258 275 379 313 Ferre
412 278 573 312 vocatur
605 285 747 324 opem.
786 285 858 312 nec
891 284 966 324 qua
998 274 1147 312 ratione
1180 274 1344 324 figuram

260 331 534 384 Perdiderint,
566 333 677 383 potui
708 333 809 370 scire
842 337 908 370 aut
939 343 1043 370 nunc
1075 331 1206 370 dicere
1237 344 1420 383 possum.

261 391 419 430 Summa
450 390 540 429 mali
571 396 662 429 nota
694 396 782 429 est:
814 401 962 441 pennas
994 401 1197 441 sumpsere
1216 422 1227 443 ,
1260 396 1426 442 tuaeque

259 449 444 500 Coniugis
462 450 503 487 in
523 448 701 488 volucres
714 480 725 501 ‚
746 450 876 500 niveas
896 448 1026 487 abiere
1047 448 1246 487 columbas
1260 446 1284 488 .’
1333 458 1359 484 ι.
1373 458 1480 486 clxxx.

173 516 240 548 675
319 507 479 546 Talibus
511 513 627 558 atque
660 507 744 546 aliis
775 513 983 558 postquam
1015 508 1188 546 convivia
1220 507 1334 547 dictis

260 566 506 619 Implerunt‚
538 577 671 604 mensa
703 577 883 605 somnum
915 566 1064 617 petiere
1096 571 1268 605 remota.

261 625 437 676 Cumque
470 624 532 663 die
565 630 761 677 surgunt,
793 624 1015 675 adeuntque
1047 624 1203 664 oracula
1233 624 1404 665 Phoebi:

263 684 339 729 Qui
370 688 505 735 petere
538 684 738 733 antiquam
770 688 934 721 matrem
967 688 1207 734 cognataque
1238 684 1355 723 iussit

260 742 420 781 Litora.
458 743 713 793 prosequitur
744 753 842 794 reX‚
875 747 914 780 et
945 741 1010 780 dat
1041 753 1183 780 munus
1214 742 1353 795 ituris,

174 809 241 841 680
261 800 452 840 Anchisae
484 806 683 851 sceptrum
702 832 712 852 ,
739 799 979 851 chlamydem
1004 799 1306 851 pharetramque
1326 803 1484 854 nepoti,

262 859 460 898 Crateram
492 859 674 911 Aeneae,
707 870 823 909 quam
855 858 1049 910 quondam
1082 858 1281 898 transtulit
1311 859 1365 898 illi

262 917 415 969 Hospes
447 917 493 956 ab
526 917 658 955 Aoniis
690 916 860 956 Therses
891 916 1084 956 Ismenius
1116 918 1218 956 oris.

262 976 420 1015 Miserat
450 976 550 1014 hanc
581 975 636 1014 illi
667 975 838 1014 Therses
857 1007 868 1027 ‚
900 975 1156 1014 fabricaverat
1187 975 1307 1014 Alcon

262 1034 406 1086 Hyleus
425 1066 437 1087 ,
468 1040 508 1073 et
537 1033 653 1085 longo
686 1033 901 1073 caelaverat
932 1039 1184 1085 argumento.

175 1101 242 1132 685
262 1092 365 1131 Urbs
398 1098 510 1145 erat,
543 1098 582 1131 et
613 1097 764 1144 septem
795 1104 932 1144 posses
964 1093 1172 1131 ostendere
1203 1098 1360 1145 portas:

263 1151 342 1190 Hae
369 1163 440 1202 pro
467 1152 622 1189 nomine
650 1156 790 1202 erant,
823 1156 860 1189 et
893 1163 990 1201 quae
1018 1151 1120 1190 foret
1145 1150 1208 1190 illa
1226 1183 1238 1204 ‚
1271 1151 1484 1191 docebant.

262 1211 361 1248 Ante
393 1208 531 1248 urbem
564 1210 749 1260 exequiae
782 1209 1001 1260 tumulique
1033 1211 1220 1260 ignesque
1252 1222 1450 1261 pyraeque

263 1268 498 1318 Effusaeque
531 1279 660 1306 comas
693 1272 732 1306 et
763 1273 920 1318 apertae
952 1273 1110 1319 pectora
1143 1273 1286 1306 matres

265 1326 492 1376 SIgnlficant
522 1325 699 1365 luctum.
737 1325 928 1377 nymphae
961 1338 1116 1376 quoque
1155 1326 1249 1365 llere
1283 1326 1485 1381 videntur,

177 1393 244 1425 690
266 1385 518 1435 siccatosque
551 1385 664 1435 queri
696 1384 854 1423 fontes:
886 1385 970 1422 sine
1003 1384 1207 1423 frondibus
1241 1384 1356 1424 arbor

264 1442 375 1482 Nuda
406 1444 535 1493 riget:
567 1442 713 1481 rodunt
744 1443 892 1481 arentia
924 1454 1014 1480 saxa
1047 1443 1237 1494 capellae.

264 1501 365 1540 Ecce
398 1501 489 1539 facit
520 1501 659 1539 mediis
691 1506 798 1539 natas
826 1500 970 1539 Orione
1003 1500 1169 1554 Thebis,

266 1559 373 1612 Hac,
406 1571 484 1598 non
517 1559 729 1598 femineum
760 1554 905 1609 iugulo*
926 1559 1017 1597 dare
1049 1559 1189 1599 vulnus
1222 1567 1380 1613 aperto,

266 1618 355 1657 lllac
373 1649 385 1670 ‚
417 1617 586 1656 demisso
618 1629 690 1668 per
721 1618 862 1656 inertia
895 1617 1055 1656 vulnere
1089 1618 1163 1657 tela

177 1684 242 1716 695
263 1676 340 1715 l'ro
372 1675 516 1727 populo
548 1675 737 1715 cecidisse
769 1687 839 1714 suo
871 1675 1125 1727 pulchrisque
1157 1688 1228 1728 per
1259 1676 1398 1716 urbem

264 1734 486 1774 Funeribus
518 1734 614 1773 ferri
646 1733 869 1784 celebrique
901 1735 941 1772 in
972 1740 1082 1785 parte
1115 1736 1305 1787 cremari;

264 1793 393 1845 Tum,
423 1792 472 1832 de
505 1794 676 1843 virginea
708 1793 882 1844 geminos
914 1794 1020 1831 exire
1052 1793 1200 1846 favilla,
1315 1802 1344 1828 r.
1365 1802 1484 1829 clxxxi.

264 1851 320 1890 Ne
353 1862 477 1902 genus
507 1851 705 1903 intereat,
736 1852 897 1889 iuvenes
915 1882 926 1903 ‚
959 1862 1057 1901 quos
1090 1852 1188 1890 sama
1221 1851 1391 1891 Coronas

265 1909 475 1962 Nominat,
508 1914 547 1948 et
575 1909 701 1949 cineri
732 1914 908 1948 materno
941 1909 1085 1948 ducere
1118 1922 1321 1961 pompam.

180 1976 246 2008 700
268 1968 466 2007 Hactenus
497 1968 658 2018 antiquo
690 1968 812 2018 signis
843 1967 1082 2018 fulgentibus
1116 1979 1229 2020 aere,

267 2026 451 2065 Summus
483 2026 662 2065 inaurato
695 2032 824 2064 crater
856 2031 940 2064 erat
972 2037 1085 2076 asper
1117 2026 1303 2065 acantho.

266 2084 346 2123 Nec
376 2084 521 2124 leviora
552 2084 652 2123 datis
684 2083 844 2122 Troiani
875 2083 974 2122 dona
1007 2085 1236 2136 remittunt,

268 2142 446 2194 Dantque
479 2142 673 2181 sacerdoti
706 2141 909 2181 custodem
942 2143 1041 2181 turis
1073 2154 1271 2196 acerram,

267 2200 366 2239 Dant
397 2206 571 2252 pateram
603 2200 824 2251 claramque
856 2212 950 2239 auro
983 2202 1225 2251 gemmisque
1258 2213 1463 2240 coronam„

183 2265 246 2297 705
325 2258 418 2297 Inde
450 2257 646 2297 recordati
677 2258 852 2297 Teucros
885 2270 905 2297 a
937 2260 1126 2309 sanguine
1157 2259 1301 2298 Teucri

268 2315 418 2354 Ducere
450 2318 716 2369 principium,
749 2316 891 2355 Creten
925 2322 1118 2357 tenuere:
1149 2316 1302 2369 locique
