1554 2563
167 71 253 114 272
413 86 553 108 nmmos
720 72 932 108 METAMM
946 100 954 108 .

286 182 339 222 Da
358 214 368 234 ‚
401 194 542 234 precor
560 214 571 235 ,
595 182 688 222 huic
713 182 880 234 aliquem
900 214 910 234 ,
937 175 1087 223 solacia'
1103 184 1241 223 mortis
1258 214 1269 235 ,
1294 182 1508 236 honorem,

287 241 445 280 Summe
478 241 595 281 deum
626 246 786 294 rector,
817 247 1069 293 maternaque
1103 242 1263 282 vulnera
1294 241 1372 281 leni
1388 238 1412 281 .’

198 308 265 339 600
287 300 461 352 Iuppiter
493 305 712 353 annuerat,
744 312 834 340 cum
864 300 1081 340 Memnonis
1114 301 1259 340 arduus
1292 300 1367 339 alto

287 358 446 398 Corruit
475 360 565 410 igne
598 371 717 411 rogus
735 390 746 411 ,
778 360 959 410 nigrique
986 359 1181 398 volumina
1213 360 1309 399 fumi

286 417 463 456 Infecere
495 417 627 470 diem,
659 417 779 457 veluti
811 429 900 456 cum
932 417 1091 457 flumina
1124 423 1232 457 natas

287 475 477 515 Exhalant
507 475 669 515 nebulas
687 508 698 529 ‚
730 487 803 515 nec
835 476 892 515 sol
924 476 1142 516 admittitur
1172 477 1297 515 infra.

287 534 379 574 Atra
411 534 536 574 favilla
568 534 697 587 volat,
729 535 1018 586 glomerataque
1052 547 1195 587 corpus
1228 537 1267 574 in
1299 547 1421 574 unum

199 601 267 633 605
288 593 483 633 Densetur
502 625 513 646 ,
539 594 756 644 faciemque
789 594 921 646 capit,
954 595 1151 645 sumitque
1185 593 1354 633 calorem

287 652 414 704 Atque
447 654 613 691 animam
645 665 690 691 ex
722 653 831 705 igni3
862 652 998 692 levitas
1030 664 1099 692 sua
1130 652 1312 704 praebuit
1343 651 1444 691 alas:

286 711 336 750 Et
366 712 492 763 primo
525 711 660 750 similis
692 711 842 750 volucri
860 742 871 764 ,
903 723 991 750 mox
1023 723 1113 750 vera
1145 711 1315 751 volucris
1333 719 1366 746 f.
1386 718 1508 745 clxxix·

288 770 466 810 insonuit
496 771 665 822 pennis3
696 771 844 821 pariter
876 781 1044 809 sonuere
1077 782 1234 809 sorores

287 829 548 882 Innumerae,
580 829 723 880 quibus
756 833 816 868 est
846 828 981 868 eadem
1012 828 1150 868 natalis
1183 829 1315 880 origo.

199 895 267 926 610
287 887 444 939 Terque
476 899 615 939 rogum
646 887 843 940 lustrant,
875 892 914 926 et
946 899 1143 926 consonus
1175 889 1254 926 exit
1283 889 1324 926 in
1356 898 1469 926 auras

287 947 365 986 Ter
397 946 584 998 clangor:
617 952 756 997 quarto
789 946 984 985 seducunt
1015 951 1141 985 castra
1173 945 1325 986 volatu:

287 1005 388 1044 Tum
420 1006 497 1045 duo
530 1005 681 1044 diversa
712 1004 846 1057 populi
878 1004 925 1043 de
956 1011 1066 1056 parte
1098 1005 1251 1044 feroces

288 1064 393 1103 Bella
425 1069 597 1117 gerunt,
628 1065 848 1115 rostrisque
882 1068 920 1102 et
952 1064 1113 1103 aduncis
1145 1062 1342 1115 unguibus
1374 1065 1450 1102 iras

286 1122 512 1175 Exercent,
545 1122 701 1174 alasque
734 1122 972 1173 adversaque
1004 1128 1164 1174 pectora
1196 1122 1364 1174 lassant;

200 1188 268 1220 615
290 1181 534 1232 inferiaeque
567 1181 712 1220 eadunt
743 1182 866 1220 cineri
899 1187 1061 1232 cognata
1093 1181 1245 1233 sepulto

288 1239 459 1291 Corpora
479 1271 490 1292 ‚
523 1251 642 1290 seque
674 1240 757 1278 viro
790 1240 882 1278 forti
913 1241 1127 1278 meminere
1161 1245 1332 1279 creatas.

287 1298 543 1349 Praepetibus
575 1297 715 1337 subitis
747 1310 889 1337 nomen
921 1298 1013 1337 facit
1044 1300 1182 1337 auctor
1202 1329 1210 1337 .
1248 1297 1295 1337 ab
1326 1297 1391 1337 illo

287 1356 555 1396 Memnonides
587 1356 712 1396 (lictae
731 1388 742 1409 ‚
774 1368 863 1395 cum
895 1356 952 1395 sol
984 1356 1162 1396 duodena
1194 1357 1345 1408 peregit

290 1415 436 1468 Signa,
467 1415 659 1466 parentali
690 1416 903 1454 moriturae
934 1415 1022 1454 luce
1054 1414 1265 1454 rebellant.

202 1482 268 1513 620
288 1473 390 1525 Ergo
424 1473 507 1513 aliis
539 1474 699 1513 latrasse
731 1473 958 1525 Dymantida
989 1473 1116 1512 flebile
1148 1476 1297 1526 visum3

287 1532 477 1571 Luctibus
511 1539 571 1572 est
601 1533 751 1572 Aurora
784 1533 865 1571 suis
897 1533 1076 1585 intenta,
1107 1534 1268 1584 piasque

288 1591 400 1630 Nunc
433 1603 588 1642 quoque
622 1590 687 1630 dat
717 1591 895 1629 lacrimas
928 1596 967 1630 et
996 1596 1078 1630 toto
1111 1597 1218 1630 rorat
1248 1592 1288 1630 in
1320 1590 1437 1631 orbe.

346 1649 433 1688 Non
464 1655 595 1689 tamen
627 1661 802 1689 eversam
834 1649 974 1688 Troiae
1007 1661 1096 1688 cum
1128 1649 1333 1689 moenibus
1365 1661 1449 1689 esse

290 1708 408 1761 Spem
440 1720 596 1760 quoque
630 1709 706 1747 fata
738 1709 899 1747 sinunt.
938 1719 1046 1747 sacra
1080 1713 1147 1760 et,
1179 1720 1286 1747 sacra
1319 1708 1462 1761 altera,

1358 1772 1507 1818 patrem

201 1834 267 1865 625
289 1826 382 1865 Fert
413 1827 560 1866 umeris
579 1858 589 1878 ‚
621 1825 840 1865 venerabile
874 1837 973 1864 onus
992 1857 1002 1877 ,
1036 1824 1265 1876 Cythereius
1297 1825 1436 1865 heros.

288 1884 344 1924 De
375 1886 494 1924 tantis
526 1883 665 1936 opibus
696 1883 880 1936 praedam
910 1885 999 1935 pius
1032 1883 1139 1935 eligit
1171 1884 1274 1922 illam

288 1944 576 1994 Ascaniumque
614 1955 759 1994 suum,
789 1943 1032 1994 profugaque
1070 1954 1142 1994 per
1179 1954 1347 1993 aequora
1385 1942 1506 1982 classe

288 2002 430 2041 Fertur
462 2001 508 2041 ab
540 2001 739 2041 Antandro
758 2033 769 2053 ‚
801 2000 1067 2051 scelerataque
1099 2001 1230 2039 limina
1262 2000 1456 2040 Thracum

287 2060 338 2100 Et
368 2060 584 2112 Polydoreo
618 2064 839 2099 manantem
870 2061 1058 2110 sanguine
1092 2064 1236 2098 terram

201 2127 269 2158 630
288 2118 477 2171 Linquit,
510 2124 548 2158 et
578 2118 740 2158 utilibus
772 2119 898 2158 ventis
930 2123 1118 2169 aestuque
1151 2117 1323 2157 secundo

288 2177 411 2217 Intrat
441 2177 681 2228 Apollineam
713 2178 829 2216 sociis
861 2175 1138 2216 comitantibus
1170 2175 1331 2216 urbem.

293 2235 407 2275 Hunc
439 2237 560 2275 Anius
579 2268 590 2288 ‚
623 2248 699 2288 quo
732 2247 823 2287 rege
850 2235 970 2284 fides,
1002 2237 1175 2274 antistite
1208 2235 1389 2274 Phoebus

288 2293 375 2332 Rite
410 2294 638 2345 colebatur,
670 2294 894 2345 temploque
927 2293 1120 2344 domoque
1152 2294 1325 2344 recepit3
