1554 2563
123 164 204 205 102
381 175 485 198 cnm-:e
669 161 883 197 METAMM
894 188 903 198 .

238 273 308 312 Hic
341 279 458 325 caput
489 272 620 312 attollo
653 272 893 324 desuetaque
925 271 1054 312 sidera
1085 285 1227 312 cerno.

237 332 340 383 Ergo
374 331 467 370 dum
499 331 632 383 Stygio
665 331 737 371 suh
769 332 886 370 terris
918 332 1072 382 gurgite
1103 331 1234 384 labor,

151 399 216 430 505
238 389 326 430 Visa
357 396 423 429 tua
455 396 516 429 est
546 390 669 429 oculis
700 390 779 429 illic
809 389 1046 441 Proserpina
1076 391 1247 429 nostris:

237 449 304 488 Illa
336 448 494 500 quidem
525 450 649 488 tristis
668 480 679 501 ,
710 460 837 500 neque
869 448 995 487 adhuc
1025 449 1207 487 interrita
1237 447 1369 500 vultu,

242 507 319 547 Sed
351 509 486 558 regina
517 513 647 546 tamen
666 539 677 561 ‚
711 507 779 546 sed
812 508 924 559 opaci
955 508 1120 546 maxima
1153 506 1312 558 mundi,

239 565 317 605 Sed
348 571 478 605 tamen
509 566 654 605 inferni
684 565 834 618 pollens
866 571 1042 605 matrona
1074 567 1228 617 tyranni
1242 561 1298 604 .''’

238 624 363 664 Mater
394 624 441 663 ad
473 624 623 664 auditas
656 626 807 676 stupuit
839 637 911 664 ceu
944 636 1059 664 saxea
1090 636 1230 676 voces,

151 691 219 723 ⁶10
239 683 516 734 Attonitaeque
549 683 616 722 diu
649 684 784 722 similis
818 683 892 723 suit
911 714 920 723 .
958 689 1080 734 utque
1113 682 1246 722 dolore

236 741 354 781 Pulsa
385 743 492 793 gravi
523 744 650 793 gravis
681 747 742 781 est
772 743 940 782 amentia
957 773 969 794 ,
1001 741 1184 781 curribus
1217 753 1303 780 oras

237 799 327 839 Exit
356 802 397 839 in
429 800 623 839 aetherias
642 832 651 841 .
688 800 743 840 ibi
774 806 855 840 toto
888 799 1020 840 nubila
1050 800 1159 840 vultu

237 859 337 898 Ante
369 859 500 898 Iovem
530 860 656 911 passis
687 860 798 898 stetit
827 858 1016 898 invidiosa
1048 858 1218 911 capillis,

238 914 379 956 “‘Pro'
412 930 488 969 que
521 914 623 957 ‘meo
649 919 738 957 veni
763 918 928 970 supplex
960 916 1055 970 tihi,
1087 913 1301 970 Iuppiter,'
1333 917 1458 967 inquit

150 983 217 1015 515
239 974 450 1028 ‘Sanguine
469 1008 480 1029 ,
512 988 662 1028 proque
693 982 790 1016 tuo.
828 977 861 1015 si
892 975 997 1015 nulla
1028 983 1088 1016 est
1118 977 1241 1027 gratia
1271 976 1430 1027 matris,

238 1034 334 1074 Nata
365 1041 517 1087 patrem
549 1041 729 1074 moveat.
767 1047 844 1075 neu
883 1036 935 1074 sit
973 1034 1043 1074 tibi
1074 1047 1197 1087 cura,
1228 1046 1458 1086 precamur,

237 1093 357 1132 Vilior
388 1093 492 1132 illius
510 1125 521 1146 ,
554 1094 657 1145 quod
689 1099 823 1133 nostro
856 1100 917 1133 est
947 1093 1050 1133 edita
1079 1099 1218 1145 partu.

238 1151 297 1191 En
329 1153 503 1204 quaesita
535 1152 601 1191 diu
626 1152 783 1192 tandem
816 1152 908 1191 mihi
941 1158 1029 1191 nata
1060 1158 1216 1204 reperta
1247 1158 1330 1191 est:

240 1211 280 1249 Si
312 1212 489 1263 reperire
522 1223 636 1250 vocas
668 1212 846 1250 amittere
879 1212 1055 1264 certius,
1087 1218 1154 1250 aut
1185 1213 1218 1250 si

151 1277 218 1308 520
242 1269 351 1308 Scire
370 1301 382 1322 ,
414 1268 482 1308 ubi
503 1271 576 1322 sit,
601 1271 777 1321 reperire
798 1281 911 1309 vocas
931 1301 939 1309 .
973 1269 1076 1320 quod
1098 1275 1231 1322 rapta,
1263 1270 1458 1321 feremus,

239 1327 454 1367 Dummodo
486 1327 624 1367 reddat
656 1340 739 1367 eam
760 1359 768 1367 .
807 1340 934 1379 neque
967 1329 1071 1367 enim
1091 1327 1287 1379 praedone
1318 1328 1457 1366 marito

239 1386 333 1426 Filia
366 1387 481 1437 digna
512 1392 578 1426 tua
611 1393 671 1425 est
702 1408 757 1415 —
791 1388 823 1426 si
854 1388 931 1426 iam
963 1399 1048 1425 mea
1080 1387 1155 1425 filla
1187 1398 1265 1425 non
1298 1392 1357 1425 est
1371 1382 1428 1425 .'''

239 1445 413 1497 luppiter
445 1446 598 1496 excepit
629 1442 883 1485 “‘commune
917 1450 977 1485 est
1001 1446 1143 1497 pignus
1175 1456 1352 1495 onusque

239 1503 335 1543 Nata
367 1503 461 1543 mihi
493 1509 624 1543 tecum
643 1535 652 1542 .
691 1504 759 1543 sed
792 1505 825 1543 si
856 1503 971 1543 modo
1003 1505 1161 1542 nomina
1192 1503 1311 1543 rebus

150 1570 217 1601 ⁵25
238 1562 391 1601 Addere
422 1574 513 1601 vera
543 1562 700 1615 placet,
731 1574 809 1602 non
835 1562 910 1601 hoc
941 1563 1083 1602 iniuria
1114 1563 1283 1615 factum,

237 1620 381 1660 Verum
412 1632 521 1660 amor
546 1627 607 1660 est
625 1652 634 1660 .
672 1633 799 1672 neque
832 1622 908 1660 erit
931 1620 1044 1660 nobis
1071 1633 1192 1673 gener
1210 1620 1274 1659 ille
1293 1620 1458 1672 pudori,

236 1679 296 1718 Tu
316 1678 431 1719 modo
449 1711 460 1732 ,
492 1679 578 1718 diva
594 1711 606 1732 ‚
637 1679 732 1718 velis
752 1710 761 1719 .
798 1685 843 1719 ut
861 1679 989 1719 desint
1008 1685 1138 1719 cetera
1151 1710 1162 1732 ‚
1191 1684 1379 1730 quantum
1399 1686 1458 1718 est

237 1737 334 1777 Esse
366 1737 466 1777 Iovis
499 1737 689 1777 fratrem!
722 1738 814 1789 quid
848 1737 952 1790 quod
983 1750 1062 1777 non
1095 1743 1225 1777 cetera
1257 1738 1399 1777 desunt

236 1795 317 1835 Nec
349 1795 453 1835 cedit
483 1797 559 1835 nisi
591 1802 696 1835 sorte
728 1796 851 1836 mihi.
891 1796 959 1836 sed
990 1802 1097 1836 tanta
1128 1795 1269 1848 cupido

149 1862 216 1894 530
237 1854 279 1893 Si
310 1854 382 1894 tibi
414 1854 566 1893 discidii
598 1861 686 1907 est,
717 1860 872 1907 repetet
901 1854 1137 1906 Proserpina
1170 1854 1345 1907 caelum,

236 1913 339 1964 Lege
371 1919 501 1952 tamen
534 1919 640 1952 certa
659 1945 670 1964 ,
702 1914 734 1952 si
766 1913 894 1952 nullos
926 1915 1090 1964 contigit
1121 1913 1199 1953 illic

237 1971 314 2011 Ore
348 1971 485 2011 cibos:
516 1983 605 2010 nam
637 1973 693 2010 sic
711 1970 925 2011 Parcarum
956 1971 1114 2011 foedere
1135 1977 1294 2012 cautum
1325 1977 1385 2010 est
1400 1968 1455 2011 .'”

297 2029 482 2069 Dixerat.
521 2036 560 2069 at
591 2029 727 2069 Cereri
757 2036 910 2069 certum
942 2036 1003 2069 est
1033 2029 1202 2070 educere
1234 2036 1386 2070 natam.

235 2088 321 2127 Non
352 2090 406 2128 ita
437 2088 514 2128 fata
546 2090 709 2141 sinunt,
741 2089 925 2139 quoniam
955 2089 1101 2128 ieiunia
1131 2090 1239 2140 virgo

148 2154 215 2186 ⁶35
237 2144 415 2186 Solverat
445 2152 485 2186 et
515 2146 631 2186 cultis
663 2146 756 2186 dum
787 2146 950 2198 simplex
983 2152 1089 2186 errat
1118 2148 1158 2186 in
1190 2147 1340 2200 hortis,

235 2205 475 2244 Poeniceum
507 2217 625 2245 curva
657 2204 908 2256 decerpserat
939 2204 1078 2244 arbore
1110 2217 1294 2258 pomum,

236 2262 455 2315 Gluptaque
488 2263 644 2303 callenti
675 2269 826 2315 septem
857 2263 905 2302 de
937 2265 1084 2303 cortice
1115 2275 1234 2315 grana

234 2321 438 2361 Presserat
469 2334 537 2361 ore
564 2334 665 2361 suo:
698 2321 882 2372 solusque
915 2333 962 2360 ex
994 2321 1176 2361 omnibus
1207 2321 1302 2361 illud

234 2379 471 2431 Ascalaphus
504 2379 628 2432 vidit,
661 2392 777 2431 quem
810 2379 1004 2431 quondam
1036 2379 1180 2420 dicitur
1213 2379 1397 2433 Orphne,
