1554 2563
559 79 666 124 XIII,
693 83 900 116 816—888.
1067 92 1144 115 ⁴acm
1311 79 1396 120 279

180 187 246 227 Sol
277 189 382 228 videt
412 201 434 228 e
467 189 572 229 caelo
592 186 614 228 ⁸?
646 189 726 228 Soli
757 196 886 230 tamen
918 191 1059 230 unicus
1091 189 1220 229 orbis.

177 246 313 300 Adde,
346 248 450 299 quod
480 250 522 287 in
553 254 682 287 vestro
713 250 867 300 genitor
898 261 1010 288 meus
1035 260 1206 301 aequore
1238 255 1394 299 regnat.

89 311 157 343 855
177 305 290 344 Hunc
322 306 394 345 tibi
425 307 473 346 do
506 318 715 346 socerum.
754 312 906 347 tantum
932 310 1120 347 miserere
1139 339 1150 360 ,
1181 318 1397 359 precesque

179 364 375 416 Supplicis
407 365 575 405 exaudi:
609 365 678 404 tibi
710 367 814 405 enim
846 366 1139 406 succumbimus
1171 367 1258 405 uni.

178 422 332 474 Quique
358 423 488 463 lovem
514 430 553 463 et
572 424 722 463 caelum
742 437 886 476 sperno
907 431 946 464 et
964 424 1206 477 penetrabile
1226 423 1373 463 fulmen
1389 455 1397 475 ,

177 481 325 534 Nerei,
356 488 395 521 te
428 494 565 522 vereor
585 514 594 522 .
632 488 698 522 tua
730 483 893 522 fulmine
925 485 1076 523 saevior
1108 485 1166 522 ira
1198 488 1280 522 est.

177 541 304 591 Atque
336 553 406 592 ego
440 547 687 593 contemptus
719 554 846 581 essem
877 544 1087 594 patientior
1118 542 1259 594 huius,

88 605 157 637 860
179 598 219 637 Si
253 600 408 650 sugeres
441 612 605 639 omnes.
645 600 713 639 sed
746 613 816 640 cur
849 600 1014 652 Cyclope
1047 600 1205 652 repulso

176 658 271 696 Acin
306 670 439 711 amas,
471 659 727 710 praefersque
759 661 857 698 meis
889 658 1130 711 amplexibus
1162 654 1294 697 Acin?

176 715 243 754 Ille
277 722 404 755 tamen
436 717 663 768 placeatque
696 717 770 757 sibi
787 750 798 770 ‚
830 718 1057 769 placeatque
1088 716 1244 769 licebit,

177 774 289 819 Quod
322 775 492 828 nollem,
525 776 707 829 Galatea,
740 776 839 816 tibi:
877 777 991 816 modo
1024 778 1136 828 copia
1166 774 1304 814 detur!

177 832 330 872 Sentiet
360 847 447 873 esse
479 835 573 873 mihi
604 841 712 874 tanto
743 848 815 886 pro
848 847 1012 887 corpore
1044 837 1170 874 vires.

88 898 155 929 865
177 890 334 931 Viscera
366 895 450 932 viva
482 893 632 932 traham
651 925 662 945 ,
694 894 921 945 divulsaque
953 894 1129 932 membra
1159 905 1230 945 per
1263 904 1399 944 agros,

177 950 331 1002 Perque
363 957 449 991 tuas
482 964 661 1004 spargam
692 974 747 980 —
780 954 836 992 sic
868 964 910 992 se
942 952 1014 992 tibi
1044 952 1234 992 misceat!
1268 972 1322 978 —

1255 1009 1398 1048 undas.

177 1068 279 1108 Uror
311 1071 415 1109 enim
433 1101 445 1123 ,
475 1069 684 1122 laesusque
716 1077 918 1111 exaestuat
949 1071 1079 1109 acrius
1109 1071 1235 1121 ignis,

178 1128 354 1180 Cumque
386 1131 468 1168 suis
500 1129 634 1168 videor
664 1129 891 1169 translatam
921 1128 1071 1168 viribus
1101 1128 1266 1167 Aetnam

176 1187 341 1227 Pectore
374 1189 478 1227 serre
510 1200 597 1227 meo
617 1218 626 1226 .
665 1200 738 1227 nec
770 1194 812 1227 tu
831 1220 842 1241 ,
874 1187 1060 1239 Galatea,
1092 1187 1261 1225 moveris
1276 1182 1316 1224 .''

88 1252 156 1283 870
176 1245 283 1285 Talia
314 1249 552 1298 nequiquam
585 1254 748 1298 questus
769 1268 824 1274 —
845 1259 934 1286 nam
967 1251 1108 1285 cuncta
1140 1244 1317 1284 videbam
1345 1265 1396 1270 -

179 1305 342 1358 Surgit,
374 1312 414 1345 et
445 1311 489 1345 ut
520 1312 658 1344 taurus
690 1317 806 1345 vacca
837 1304 1077 1345 furibundus
1109 1304 1312 1355 adempta,

179 1363 290 1403 Stare
323 1367 488 1416 nequit,
519 1364 692 1415 silvaque
724 1370 764 1403 et
794 1366 897 1403 notis
929 1362 1092 1402 saltibus
1125 1368 1253 1402 errat:

179 1422 276 1461 Cum
308 1423 416 1462 serus
447 1425 604 1473 ignaros
636 1434 709 1461 nec
741 1424 951 1474 quicquam
982 1421 1058 1460 tale
1090 1423 1274 1460 timentes

178 1481 238 1520 Me
270 1481 375 1520 videt
406 1487 522 1532 atque
553 1481 649 1519 Acin
669 1513 680 1533 ,
712 1478 872 1520 “video'
905 1492 981 1532 que
1019 1479 1209 1519 exclamat
1242 1476 1297 1517 ‘et
1327 1479 1397 1517 ista

88 1545 156 1577 875
178 1540 320 1579 Ultima
352 1541 431 1593 sit,
463 1540 630 1591 faciam,
662 1538 825 1578 Veneris
857 1538 1064 1578 concordia
1098 1533 1304 1577 vestrae.'’

177 1599 379 1650 Tantaque
411 1611 484 1637 vox
503 1630 513 1650 ,
546 1604 730 1649 quantam
763 1597 927 1650 Cyclops
958 1599 1081 1636 iratus
1113 1596 1258 1636 habere

178 1658 349 1710 Debuit,
381 1657 444 1696 illa
476 1658 551 1696 fuit
570 1687 578 1695 .
617 1657 786 1696 clamore
817 1657 1047 1708 perhorruit
1077 1656 1223 1695 Aetne.

164 1718 247 1756 ,Ast
277 1729 349 1768 ego
380 1717 507 1755 vicino
540 1716 738 1767 pavefacta
770 1715 842 1754 sub
875 1726 1046 1766 aequore
1079 1726 1259 1767 mergor,

177 1775 303 1827 Terga
336 1776 448 1826 fugae
481 1774 642 1813 dederat
673 1786 860 1813 conversa
893 1773 1140 1825 Symaethius
1171 1773 1313 1812 heros:

89 1839 157 1872 880
178 1831 315 1873 “Affer
335 1846 449 1885 opem
468 1865 479 1885 ,
504 1832 658 1872 Galatea
677 1865 688 1886 ,
712 1844 855 1885 precor
873 1864 884 1885 ,
908 1833 1005 1871 mihi
1023 1831 1032 1871 1
1059 1833 1158 1870 ferte
1178 1836 1362 1882 parentes
1375 1826 1397 1881 ,²

177 1893 336 1932 Dixerat
368 1890 422 1931 ‘et
453 1893 593 1930 vestris
624 1894 847 1943 periturum
879 1891 1070 1930 admittite
1102 1887 1289 1941 regnis.”

177 1952 404 2004 Insequitur
437 1950 601 2002 Cyclops
619 1982 630 2002 ,
662 1958 893 2002 partemque
924 1962 946 1988 e
977 1954 1110 1989 monte
1141 1948 1336 1987 revulsam

178 2011 325 2063 Mittit,
357 2016 397 2049 et
422 2017 622 2049 extremus
654 2011 830 2059 quamvis
861 2010 1041 2060 pervenit
1073 2007 1119 2046 ad
1151 2006 1283 2059 illum,

177 2069 354 2121 Angulus
385 2071 418 2107 is
449 2067 563 2107 molis
594 2073 721 2106 totum
753 2073 885 2106 tamen
917 2066 1050 2106 obruit
1081 2066 1201 2105 Acin.

90 2134 157 2166 885
178 2130 227 2166 At
257 2140 359 2180 nos,
391 2127 495 2178 quod
528 2125 655 2165 solum
686 2127 772 2165 fieri
802 2138 873 2177 per
905 2126 982 2164 fata
1013 2124 1178 2176 licebat,

178 2187 359 2225 Fecimus
377 2218 388 2238 ,
421 2192 465 2225 ut
495 2186 598 2224 vires
630 2190 848 2223 assumeret
878 2185 968 2223 Acis
999 2185 1142 2222 avitas,

178 2245 375 2284 Puniceus
408 2244 455 2283 de
488 2243 588 2283 mole
621 2256 741 2282 cruor
771 2242 979 2295 manabat,
1011 2249 1050 2282 et
1079 2243 1183 2281 intra

178 2303 383 2353 Temporis
416 2304 600 2353 exiguum
631 2302 754 2341 rubor
786 2313 1020 2341 evanescere
1053 2302 1204 2353 coepit,³
