1554 2563
105 103 160 145 21
167 103 192 145 8
350 118 503 140 onrunus
658 104 872 140 METAMM
886 133 893 140 .

160 221 204 252 55
226 214 274 253 Et
306 214 597 265 Methymnaeae
629 216 835 266 potiuntur
866 215 979 254 litore
1012 214 1150 254 Lesbi.

224 273 295 311 Hic
327 273 435 311 ferus
468 274 687 324 expositum
719 275 939 325 peregrinis
970 275 1108 325 anguis
1139 274 1296 313 harenis

223 331 276 370 Os
308 333 407 382 petit
439 336 478 370 et
509 343 665 382 sparsos
697 332 859 371 stillanti
890 344 979 371 rore
1013 332 1194 383 capillos.

222 390 395 428 Tandem
422 389 605 429 Phoebus
630 390 767 443 adest,
799 403 1033 442 morsusque
1065 391 1211 430 inferre
1243 396 1445 443 parantem

222 449 367 501 Amet,
401 454 439 487 et
469 450 509 487 in
541 449 708 500 lapidem
740 451 864 488 rictus
896 451 1091 501 serpentis
1123 455 1279 501 apertos
1298 458 1324 484 f.
1344 459 1445 484 clviii.

159 515 203 545 60
225 507 412 559 Congelat
444 513 482 546 et
513 508 666 558 patulos
685 539 696 560 ,
727 513 772 546 ut
803 513 943 561 erant,
975 508 1133 547 indurat
1164 508 1313 548 hiatuS.

222 565 367 605 Umbra
399 565 505 604 subit
535 572 661 605 terras
679 598 690 618 ,
723 572 762 605 et
793 579 891 617 quae
923 566 1007 605 loca
1038 566 1188 605 viderat
1219 572 1332 619 ante,

223 624 371 664 Cuncta
402 626 678 676 recognoscit:
711 637 983 676 quaerensque
1015 637 1086 676 per
1118 637 1207 663 arva
1238 627 1392 677 piorum

222 683 375 722 Invenit
405 682 659 736 Eurydicen,
691 684 922 735 cupidisque
954 684 1204 735 amplectitur
1235 684 1360 722 ulnis.

221 741 293 781 Hic
325 741 441 780 modo
473 744 693 781 coniunctis
725 744 944 793 spatiantur
977 741 1159 794 passibus
1191 742 1327 794 ambo,

157 807 201 838 65
222 800 334 839 Nunc
365 801 667 852 praecedentem
699 802 908 854 sequitur,
939 813 1045 840 nunc
1075 802 1256 852 praevius
1288 803 1432 854 anteit,

220 858 522 910 Eurydicenque
556 871 665 898 suam
696 861 773 898 iam
804 865 889 898 tuto
921 861 1083 911 respicit
1114 859 1319 910 Orpheus.

279 918 366 956 Non
397 919 544 969 inpune
576 924 706 957 tamen
738 918 867 957 scelus
897 918 972 957 hoc
1004 919 1097 957 sinit
1127 930 1213 957 esse
1245 918 1420 969 Lyaeus:

220 976 452 1028 Amissoque
485 977 621 1016 dolens
653 989 857 1016 sacrorum
888 982 974 1015 vate
1006 989 1191 1029 suorum,

222 1035 409 1074 Protinus
441 1037 481 1074 in
514 1035 619 1074 silvis
651 1041 796 1075 matres
828 1035 1024 1074 Edonidas
1056 1047 1215 1088 omnes,

157 1100 201 1130 70
222 1093 328 1139 Quae
360 1094 492 1132 videre
524 1095 634 1133 nefas
653 1127 663 1146 ‚
693 1099 797 1133 torta
828 1095 958 1133 radice
990 1094 1143 1145 ligavit.
1317 1102 1343 1127 f.
1366 1103 1442 1129 clix·

222 1151 394 1203 [Quippe
414 1153 558 1203 pedum
574 1153 739 1205 digitos,
758 1154 799 1191 in
818 1158 1007 1203 quantum
1022 1164 1200 1203 quaeque
1215 1158 1350 1191 secuta
1363 1160 1443 1206 est,

220 1211 382 1263 Traxit,
417 1216 457 1249 et
486 1213 526 1250 in
560 1211 722 1250 solidam
753 1211 922 1250 detrusit
953 1212 1130 1250 acumine
1164 1217 1331 1250 terram.

219 1269 348 1320 thue
381 1281 496 1308 suum
527 1269 706 1322 laqueis,
738 1281 837 1320 quos
869 1269 1030 1308 callidus
1062 1269 1208 1308 abdidit
1240 1282 1407 1322 auceps,

220 1327 319 1366 Crus
351 1327 419 1366 ubi
451 1330 646 1367 commisit
676 1327 846 1366 volucris
864 1359 875 1379 ‚
907 1329 1108 1378 sensitque
1141 1330 1290 1380 teneri,

156 1392 199 1422 ’15
219 1386 421 1437 Plangitur
439 1417 451 1438 ‚
483 1398 526 1425 ac
557 1387 757 1438 trepidans
790 1387 970 1437 astringit
1000 1386 1154 1425 vincula
1185 1391 1317 1438 motu3

221 1445 315 1496 Sic,
350 1450 394 1483 ut
426 1456 603 1496 quaeque
636 1445 718 1483 solo
750 1443 874 1483 defixa
906 1444 1134 1483 cohaeserat
1163 1444 1325 1497 harum,

220 1503 452 1541 Exsternata
485 1504 616 1554 sugam
648 1505 794 1543 frustra
826 1502 1069 1554 temptabat:
1100 1509 1138 1542 at
1168 1502 1272 1541 illam

219 1561 340 1600 Lenta
372 1567 480 1600 tenet
511 1562 649 1614 radix,
682 1561 1019 1612 exsultantemque
1052 1567 1230 1601 coercet.

218 1619 397 1671 Dumque
429 1619 498 1659 ubi
530 1623 608 1660 sint
639 1621 778 1674 digiti,
817 1620 910 1658 dum
946 1632 1017 1672 pes
1048 1619 1116 1659 ubi
1133 1651 1145 1673 ,
1184 1621 1359 1672 quaerit,

1197 1684 1236 1717 et
1266 1691 1419 1730 ungues
1430 1710 1441 1731 ‚

154 1746 199 1777 80
218 1737 368 1788 Aspicit
398 1738 438 1775 in
470 1741 616 1776 teretes
648 1735 795 1787 lignum
828 1737 1041 1776 succedere
1074 1749 1209 1776 suras.

217 1795 267 1834 Et
299 1801 436 1834 conata
468 1796 596 1834 femur
628 1796 818 1833 maerenti
849 1795 1033 1846 plangere
1065 1795 1223 1848 dextra,

217 1854 372 1892 Robora
403 1855 627 1905 percussit.
664 1859 804 1904 pectus
836 1866 992 1904 quoque
1024 1854 1166 1892 robora
1197 1854 1318 1892 fiunt:

217 1912 372 1951 Robora
404 1918 496 1951 sunt
526 1912 682 1951 umeri:
713 1911 849 1963 longos
882 1924 1037 1962 quoque
1069 1912 1251 1951 bracchia
1282 1923 1394 1951 veros

218 1971 313 2009 Esse
346 1976 461 2022 putes
493 1982 622 2008 ramos
641 2001 652 2021 ‚
684 1975 723 2008 et
753 1982 831 2008 non
864 1970 997 2008 fallare
1027 1971 1200 2021 putando
1215 1969 1242 2020 .]

154 2036 197 2068 85
276 2029 358 2068 Nec
390 2030 485 2068 satis
517 2029 591 2067 hoc
618 2028 769 2067 Baccho
795 2033 882 2067 est.
915 2030 1021 2079 ipsos
1048 2040 1206 2079 quoque
1230 2028 1379 2068 deserit

1304 2099 1441 2139 agros,

219 2146 394 2196 Cumque
427 2145 546 2185 choro
580 2145 740 2184 meliore
773 2146 834 2184 sui
864 2146 993 2184 vineta
1024 2145 1165 2184 Timoli

216 2204 481 2255 Pactolonque
513 2206 641 2256 petit3
673 2204 847 2254 quamvis
880 2215 959 2241 non
988 2215 1132 2242 aureus
1164 2203 1229 2242 illo

217 2261 410 2313 Tempore
443 2275 515 2301 nec
548 2264 649 2300 caris
682 2267 766 2300 erat
796 2261 1010 2300 invidiosus
1041 2262 1223 2302 hareniS.

216 2319 330 2359 Hunc
363 2327 518 2360 assueta
550 2320 691 2359 cohors
723 2321 842 2370 satyri
873 2319 1121 2371 bacchaeque
1153 2321 1428 2371 frequentant:
