1554 2563
608 123 680 168 ΙΙΙ,
707 127 890 159 288-361
908 151 916 160 .
1000 136 1156 159 nunnus
1172 151 1179 159 .
1206 137 1294 159 seno
1378 124 1433 166 55

124 241 190 272 325
212 234 385 286 Corpora
416 239 646 285 serpentum
671 232 799 272 baculi
831 234 1039 274 violaverat
1071 236 1175 285 ictu3

211 292 344 343 Deque
377 294 459 331 viro
492 292 617 332 sactus
635 323 647 345 ‚
678 291 854 331 mirabile
873 324 884 344 ‚
916 293 1058 333 femina
1077 325 1089 346 ‚
1114 298 1264 345 septem

211 350 354 402 Egerat
385 357 622 390 autumnos.
660 356 795 389 octavo
826 363 967 390 rursus
999 351 1158 390 eosdem

211 408 342 461 Vidit,
373 415 414 449 et
445 406 521 448 ‘est
550 414 702 448 vestrae
735 410 768 448 si
800 415 905 449 tanta
937 412 1111 461 potentia
1142 410 1276 462 plagae
1290 410 1315 462 ,'

212 468 314 506 Dixit
346 464 405 507 ‘ut
436 469 607 507 auctoris
639 473 787 507 sortem
818 470 857 507 in
890 470 1085 508 contraria
1116 475 1266 521 mutet,

123 535 190 566 330
211 526 323 566 Nunc
356 539 513 578 quoque
545 538 613 565 vos
645 526 782 565 feriam
802 523 827 566 .'
864 529 1066 578 percussis
1086 527 1278 579 anguibus
1311 527 1431 566 isdem

211 585 350 624 Forma
381 587 490 637 prior
521 584 667 637 rediit,
698 587 956 637 genetivaque
988 587 1094 625 venit
1124 588 1274 638 imago.

211 644 367 683 Arbiter
398 644 462 683 hic
494 645 614 695 igitur
646 650 826 696 sumptus
858 644 906 683 de
938 644 1005 683 lite
1037 646 1168 683 iocosa

212 702 320 742 Dicta
350 701 452 741 Iovis
484 703 640 742 firmat.
678 704 835 753 gravius
867 702 1050 742 Saturnia
1083 706 1185 742 iusto

210 760 290 800 Nec
321 773 393 813 pro
425 763 587 800 materia
617 761 745 800 fertur
776 761 948 800 doluisse
967 794 978 814 ‚
1010 763 1150 813 suique

122 828 189 859 335
211 819 356 859 Iudicis
388 826 546 859 aeterna
578 819 773 859 damnavit
804 820 951 859 lumina
983 827 1121 860 nocte.

210 879 257 917 At
287 885 398 930 pater
430 879 677 930 omnipotens
695 910 706 931 ,
737 890 865 929 neque
886 880 990 918 enim
1010 879 1103 918 licet
1121 880 1231 918 irrita
1253 879 1432 930 cuiquam

210 936 325 976 Facta
358 937 420 976 dei
452 938 592 976 fecisse
625 937 697 976 deo
716 969 727 989 ‚
758 949 830 988 pro
862 937 1008 976 lumine
1041 938 1222 989 adempto

212 995 322 1034 Scire
354 996 486 1035 futura
519 996 654 1048 dedit,
685 1008 930 1047 poenamque
961 995 1100 1035 levavit
1131 996 1303 1034 honore.

268 1054 337 1093 Ille
368 1066 440 1106 per
471 1055 613 1093 Aonias
646 1054 745 1092 fama
778 1054 1058 1093 celeberrimus
1091 1054 1209 1093 urbes

121 1112 497 1164 3401nreprehensa
529 1112 644 1151 dabat
675 1112 819 1164 populo
852 1124 1041 1164 responsa
1071 1116 1244 1164 petenti.

209 1171 340 1210 Prima
372 1171 447 1210 fide
478 1173 663 1222 vocisque
695 1177 802 1210 ratae
834 1172 1088 1223 temptamina
1120 1172 1289 1223 sumpsit

211 1229 373 1270 Caerula
404 1229 560 1281 Liriope
579 1261 590 1282 ‚
622 1241 739 1281 quam
771 1230 968 1281 quondam
999 1229 1160 1269 flumine
1187 1241 1307 1269 curvo

212 1288 426 1341 Inplicuit,
459 1288 692 1339 clausaeque
725 1290 807 1327 suis
840 1288 1028 1340 Cephisos
1059 1290 1099 1327 in
1126 1288 1242 1328 undis

210 1346 294 1386 Vim
327 1347 443 1386 tulit.
489 1349 601 1386 enixa
628 1354 688 1386 est
718 1353 832 1386 utero
863 1347 1129 1399 pulcherrima
1159 1347 1275 1398 pleno

123 1413 190 1445 345
211 1406 403 1445 Infantem
421 1437 432 1459 ,
464 1406 644 1457 nymphis
676 1407 752 1444 iam
783 1412 878 1445 tunc
911 1407 978 1457 qui
1008 1411 1144 1458 posset
1174 1406 1318 1457 amari,

211 1464 515 1515 Narcissumque
548 1470 688 1503 vocat.
728 1464 776 1503 de
809 1476 885 1515 quo
919 1464 1152 1516 consultus,
1184 1476 1232 1502 an
1265 1470 1370 1502 esset

211 1523 403 1574 Tempora
436 1529 610 1562 maturae
643 1524 799 1561 visurus
831 1522 944 1573 longa
977 1528 1182 1574 senectae,

210 1581 409 1620 Fatidicus
441 1587 546 1620 vates
579 1578 628 1620 ‘si
659 1593 702 1620 se
734 1593 811 1619 non
846 1578 1014 1620 noverit'
1046 1583 1176 1631 inquit
1195 1612 1204 1620 .

214 1639 316 1679 Vana
348 1640 415 1679 diu
447 1641 527 1679 visa
559 1646 619 1678 est
651 1651 723 1678 vox
755 1641 942 1691 auguris.
981 1640 1110 1678 exitus
1142 1639 1245 1678 illam

124 1706 193 1738 350
213 1699 369 1750 Resque
401 1697 541 1750 probat
571 1698 716 1749 letique
749 1709 873 1749 genus
905 1699 1134 1749 novitasque
1168 1698 1334 1736 furoris.

211 1757 387 1808 Namque
418 1763 480 1796 ter
511 1756 555 1795 ad
590 1758 730 1807 quinos
762 1767 885 1795 unum
917 1756 1123 1808 Cephisius
1155 1768 1300 1795 annum

212 1815 450 1868 Addiderat,
482 1821 714 1867 poteratque
745 1827 845 1866 puer
875 1816 1106 1866 iuvenisque
1139 1815 1284 1854 videri„

213 1875 323 1914 Multi
354 1874 463 1913 illum
494 1875 656 1913 iuvenes
674 1905 685 1925 ‚
718 1873 861 1912 multae
894 1874 1053 1924 cupiere
1084 1873 1261 1924 puellae3

214 1933 291 1972 Sed
324 1933 397 1972 suit
428 1934 468 1971 in
499 1938 635 1971 tenera
667 1938 745 1972 tam
777 1931 875 1970 dura
908 1931 1090 1983 superbia
1125 1932 1271 1982 forma,

124 1999 191 2031 355
213 1991 318 2031 Nulli
349 1991 458 2030 illum
488 1992 651 2030 iuvenes
669 2023 681 2044 ‚
711 1990 840 2029 nullae
874 1992 1038 2041 tetigere
1069 1989 1246 2041 puellae.

213 2051 363 2101 Aspicit
392 2050 498 2088 hunc
531 2049 705 2101 trepidos
738 2050 947 2099 agitantem
979 2050 1019 2087 in
1051 2050 1149 2087 retia
1181 2059 1318 2087 cervos

214 2107 366 2147 Vocalis
397 2107 566 2159 nymphe
585 2139 597 2160 ‚
629 2119 728 2158 quae
760 2119 833 2146 nec
865 2108 1033 2146 reticere
1066 2106 1241 2158 loquenti

213 2166 294 2206 Nec
325 2168 434 2218 prior
466 2168 549 2218 ipsa
580 2166 688 2217 loqui
720 2164 856 2205 didicit
874 2196 885 2217 ‚
916 2164 1148 2204 resonabilis
1179 2164 1311 2205 Echo.

215 2224 366 2277 Corpus
398 2225 524 2264 adhuc
555 2224 662 2263 Echo
681 2256 692 2277 ,
724 2236 802 2263 non
845 2235 917 2262 vox
949 2229 1062 2263 erat:
1093 2229 1134 2262 et
1158 2228 1288 2262 tamen
1321 2236 1434 2263 usum

125 2291 194 2323 360
216 2283 379 2322 Garrula
405 2295 483 2322 non
515 2283 633 2322 alium
651 2314 663 2335 ‚
696 2294 811 2334 quam
832 2293 936 2321 nunc
960 2281 1079 2320 habet
1096 2313 1108 2334 ‚
1139 2284 1219 2321 oris
1246 2281 1435 2330 habebat,

215 2341 392 2381 Reddere
425 2343 471 2381 de
504 2342 639 2381 multis
670 2348 713 2380 ut
744 2340 861 2379 verba
892 2342 1101 2380 novissima
1132 2348 1289 2390 posset.
