1554 2563
1292 122 1427 159 XXVII

87 235 171 273 h.e.
192 230 323 273 ‘dietis
356 235 412 274 eis
445 234 641 285 omnibus,
673 245 774 283 quae
805 230 1046 285 meruisset',
1077 237 1123 274 ut
1152 242 1239 274 xm
1259 234 1314 272 48
1340 244 1429 281 pre·

87 294 188 332 caris
231 304 328 341 quae
368 294 517 332 meruit.
667 289 752 331 543
790 292 1042 332 hemistichia
1079 293 1155 332 duo
1198 293 1322 331 habui
1357 305 1429 341 pro

86 352 264 401 exemplo
296 351 416 400 primi
447 363 492 390 ac
521 351 673 390 vetusti
703 351 1023 400 interpolationis
1056 353 1232 402 generis,
1272 351 1321 389 de
1353 363 1430 400 quo

86 411 320 460 plerumque
362 410 538 449 indicare
584 410 800 459 supersedi.
862 410 1104 461 Deianiram,
1142 423 1218 460 quo
1249 411 1430 458 tempore

87 469 289 518 Meleager
329 469 445 519 obiit,
489 471 688 507 mortuam
725 471 890 518 putasse
927 472 1088 519 poetam
1126 469 1302 518 oportet:
1338 480 1432 505 nam

88 535 138 567 lx
159 528 183 565 8
217 527 371 565 tandem
409 529 450 566 et
488 529 512 566 9
551 528 744 576 quondam
781 529 822 566 et
866 528 970 577 quod
1011 531 1062 566 17
1101 528 1294 566 Hercules
1335 526 1431 564 deus

87 586 166 624 iam
197 586 339 636 factus,
371 588 412 625 et
444 585 549 636 quod
583 588 665 625 149
687 586 890 635 Meleager
921 587 1049 637 vivus,
1080 589 1189 636 puto,
1221 585 1431 633 indicatur,

86 656 166 682 non
208 644 359 683 faciunt
399 645 448 682 ad
480 645 672 683 Nicandri
708 644 905 696 fabulam,
953 646 1021 695 qui
1052 644 1214 695 Gorgen
1244 646 1286 683 et
1315 644 1431 682 Deia-

86 703 216 743 niram
246 705 477 752 praesentes
508 703 550 741 in
586 703 725 742 fratris
755 703 912 753 funere,
944 716 1017 743 nec
1047 706 1223 742 mutatas
1253 702 1432 752 tradidit,

86 761 181 800 Ant.
206 761 294 800 Lib.
319 762 345 800 f.
371 770 426 812 113
470 775 588 811 quam
621 764 778 801 secutus
810 762 962 813 Hygini
992 763 1020 801 f.
1046 769 1222 801 CLXXIV
1253 761 1431 810 exemplo

86 820 261 870 videtur,
305 821 373 870 qui
417 821 511 859 Her.
544 829 593 859 IX
628 822 709 859 165
758 822 839 860 166
886 822 1057 871 scripsit.
1119 821 1293 859 indidem
1334 821 1432 858 haec

87 879 331 928 interpolata
362 880 565 930 putabam,
597 879 756 917 inutilia
781 880 881 929 ideo,
915 880 1020 930 quod
1051 880 1157 929 apud
1187 878 1432 918 Nicandrum

86 938 208 988 irata,
247 938 353 987 apud
388 940 570 977 nostrum
606 939 766 987 placata
795 938 926 977 Diana
962 939 1116 988 puellas
1159 938 1432 976 transformat.

206 993 288 1035 637
331 1004 558 1036 PLAcrros
601 1005 831 1035 TETIGERE
875 1005 1094 1036 PENATES.
1142 1008 1291 1045 parvos
1320 996 1353 1033 L
1392 997 1432 1034 et

87 1056 266 1106 plerique
297 1055 408 1105 libri,
440 1056 545 1105 quod
575 1056 690 1093 nihili
722 1058 794 1105 est,
826 1056 919 1105 quia
949 1056 1121 1094 Penates
1153 1068 1231 1094 non
1262 1056 1432 1104 tangun-

87 1117 170 1164 tur3
215 1114 265 1153 ad
304 1114 482 1164 domum,
528 1116 693 1163 penates
726 1114 876 1164 aditur,
919 1115 1138 1164 hospitium
1174 1114 1343 1163 petitur,
1386 1115 1432 1152 ut

86 1187 124 1213 v.
146 1174 241 1212 628.
290 1184 439 1220 paucos
470 1173 528 1223 M,
566 1173 670 1211 unde
708 1173 784 1211 feci
816 1173 922 1222 quod
959 1175 1021 1212 est
1052 1181 1119 1211 VII
1141 1174 1243 1211 226:
1284 1172 1432 1211 locutio

89 1232 230 1271 similis
258 1240 307 1270 1v
326 1232 422 1270 218.
543 1228 628 1270 656
659 1231 933 1270 IMPOSITUM.
981 1233 1182 1280 impositus
1205 1231 1309 1269 libri.
1354 1230 1434 1268 dixi

88 1291 137 1329 de
173 1291 247 1329 hoc
285 1302 431 1340 genere
463 1303 500 1339 p.
520 1298 618 1328 XIII.
668 1290 869 1329 ablativus
908 1291 976 1340 qui
1007 1290 1204 1340 sequitur,
1249 1291 1311 1328 est
1348 1289 1432 1327 eius

89 1349 206 1399 modi,
237 1351 282 1387 ut
313 1358 344 1387 x
367 1349 462 1387 648.
614 1345 699 1386 714
731 1349 988 1387 NAVARENT
1022 1356 1180 1388 CURAs.
1241 1348 1432 1386 correctio

88 1408 272 1446 fortassis
316 1407 482 1446 calidius
525 1409 696 1456 recepta.
757 1408 917 1457 poterat
960 1408 1024 1446 edi
1067 1407 1173 1457 quod
1215 1407 1257 1444 M
1299 1407 1433 1456 habet,

88 1467 311 1505 Nam-arent
347 1477 470 1505 casus.
521 1466 590 1505 sed
620 1466 661 1504 id
692 1478 852 1505 manum
883 1468 1043 1516 poetae,
1081 1466 1115 1504 si
1146 1477 1332 1515 usquam,
1370 1465 1432 1503 his

89 1525 246 1575 paginis
290 1526 442 1563 tersam
479 1527 520 1563 et
557 1526 761 1574 argutam,
802 1537 881 1563 non
918 1525 1067 1563 referre
1103 1525 1181 1573 ipsi
1219 1524 1433 1572 interpola·

89 1586 197 1622 tores
231 1586 450 1632 senserunt,
483 1583 550 1633 qui
575 1583 782 1633 comptius,
813 1583 1044 1632 Inciperent,
1070 1583 1282 1632 dederunt3
1313 1582 1432 1631 idque

90 1643 185 1681 olim
221 1655 360 1681 verum
396 1642 531 1679 habui.
591 1653 802 1680 renarrare
839 1643 902 1680 est
931 1650 980 1680 vl
1006 1642 1111 1691 315,
1148 1644 1356 1680 retractare
1393 1642 1434 1679 et

89 1702 252 1750 releyere
283 1709 331 1739 IV
347 1702 429 1739 569
462 1700 504 1739 in
533 1712 577 1738 re
610 1701 738 1749 specie
772 1700 903 1750 simili,
935 1700 1005 1739 sed
1024 1699 1183 1739 diversa
1208 1700 1308 1750 ideo,
1329 1699 1434 1749 quod

90 1772 136 1798 eo
169 1772 348 1798 sermone
387 1759 518 1797 aditus
555 1760 722 1808 paratur
759 1758 808 1796 ad
844 1770 988 1797 novam
1024 1759 1213 1797 fabulam.
1262 1758 1368 1796 idem
1400 1758 1434 1796 si

91 1819 164 1857 hoc
189 1819 274 1857 loco
300 1819 418 1867 poeta
444 1819 654 1867 spectaret,
680 1829 823 1856 causae
843 1817 993 1867 aliquid
1013 1817 1221 1856 dicendum
1241 1818 1339 1866 erat,
1365 1828 1434 1854 cur

93 1877 279 1916 steterint
303 1878 470 1926 uterque
496 1877 662 1915 coniunx
689 1877 780 1914 ante
807 1876 944 1914 aedem
970 1889 1015 1915 eo
1040 1876 1139 1926 loco,
1166 1887 1242 1925 quo
1271 1875 1433 1913 arbores

92 1936 259 1985 posthac
296 1936 539 1984 conspectae.
602 1947 714 1973 senes
747 1935 882 1973 autem
919 1935 1127 1984 decrepiti,
1158 1947 1195 1973 v.
1217 1935 1318 1984 712,
1350 1936 1434 1971 tam

93 1994 222 2033 otiosa
252 1994 557 2032 confabulantur
589 1994 783 2032 sedentes.
832 2005 904 2032 nec
934 1993 1040 2043 quod
1077 1991 1292 2042 antecedit,
1330 1992 1434 2030 aedi-

93 2054 253 2091 tuorum
295 2064 457 2090 munere
498 2052 654 2091 functos
705 2051 755 2090 ad
803 2054 1023 2090 extremum
1067 2063 1192 2101 usque
1236 2051 1434 2100 spiritum,

93 2112 246 2150 frustra
275 2111 458 2160 posuisse
488 2112 648 2160 poetam
679 2112 987 2149 consentaneum
1019 2112 1091 2149 est.
1139 2111 1274 2158 itaque
1301 2121 1434 2147 aream

94 2170 234 2219 templi
264 2172 469 2208 verrentes
501 2169 566 2208 vel
598 2170 726 2208 simile
753 2169 847 2218 quid
874 2171 1084 2218 operantes
1115 2168 1339 2207 informavi.

95 2225 179 2267 719
219 2236 449 2268 OSTENDIT
486 2236 645 2267 ADHUC
683 2235 922 2267 CIBYREIUS
960 2235 1087 2267 ILLIC
1124 2227 1310 2266 INGOLA.
1366 2227 1433 2264 ΐῘῑί-

93 2288 202 2325 neius
245 2287 338 2337 LM,
387 2287 574 2336 thymius,
625 2287 836 2335 tlzyrnez’us,
886 2286 1054 2326 chineius
1097 2286 1177 2325 alii.
1241 2285 1433 2324 correctio

93 2345 274 2384 Sucherii
290 2345 472 2385 Diniez'us
502 2357 550 2384 ea
574 2357 617 2383 re
642 2343 951 2397 commendatur,
976 2345 1081 2397 quod
1105 2345 1164 2383 ita
1181 2343 1320 2383 fabula
1337 2344 1435 2382 haee
