1554 2563
546 57 631 93 XIII
649 86 656 102 ,
686 61 820 94 18-91
838 85 844 92 .
1019 70 1103 93 aux
1275 56 1359 99 257

71 175 115 207 55
136 167 202 207 Ille
234 174 364 208 tamen
396 169 517 220 vivit,
550 169 640 219 quia
672 179 749 207 non
783 168 981 207 comitavit
1011 167 1177 207 Ulixen.

137 225 267 266 Mallet
298 233 337 266 et
367 226 500 266 infelix
532 226 757 265 Palamedes
790 238 875 266 esse
908 226 1091 280 relictus,

62 293 118 324 .58
140 285 265 331 Quem
297 285 395 325 male
429 287 597 324 convicti
628 286 792 324 nimium
823 297 973 324 memor
1004 287 1078 325 iste
1110 285 1256 324 suroris

136 343 311 384 Prodere
344 356 427 383 rem
459 343 627 383 Danaam
658 344 797 396 finxit,
829 344 1041 395 fictumque
1073 343 1251 396 probavit

72 410 116 441 60
138 401 294 442 Crimen
327 409 367 442 et
397 402 597 455 ostendit,
630 402 733 454 quod
765 404 841 441 iam
872 402 1149 456 praefoderat,
1181 414 1342 443 aurum.

134 460 239 513 Ergo
271 468 338 500 aut
370 461 484 500 exilio
518 463 619 500 vires
653 460 839 501 subduxit
870 461 1048 514 Achivis,

136 520 214 559 Aut
244 532 369 559 nece.
409 521 464 559 sic
496 526 671 573 pugnat,
704 520 760 559 sic
793 526 852 559 est
883 519 1117 560 metuendus
1149 519 1302 560 Ulixes.

138 578 214 624 Qui
245 578 337 618 licet
369 578 523 630 eloquio
555 578 676 618 fidum
709 590 864 630 quoque
897 578 1063 618 Nestora
1093 580 1244 632 vincat,

91 672 98 678 .
136 636 247 676 Haud
281 644 409 677 tamen
443 637 614 690 efficiet,
647 637 848 677 desertum
879 643 923 676 ut
954 637 1121 677 Nestora
1153 640 1300 677 crimen

72 703 115 734 65
136 695 233 735 Esse
265 708 355 735 rear
386 696 567 736 nullum:
601 698 667 747 qui
700 708 788 735 cum
820 696 1050 747 imploraret
1081 695 1219 736 Ulixen

136 753 305 794 Vulnere
339 754 472 794 tardus
505 756 597 806 equi
630 755 836 806 fessusque
869 755 1059 795 senilibus
1091 757 1226 808 annis,

136 812 320 852 Proditus
352 826 372 852 a
405 816 510 853 socio
543 819 630 853 est.
670 826 748 853 non
780 806 875 852 haec
907 813 1002 853 mihi
1034 815 1196 853 crimina
1228 814 1319 865 fingi

139 871 221 911 Scit
252 872 353 911 bene
385 872 554 924 Tydides
574 904 584 924 ,
618 873 683 923 qui
716 874 872 911 nomine
906 884 1020 924 saepe
1054 879 1232 912 vocatum

138 929 367 983 Corripuit,
400 931 632 982 trepidoque
666 932 795 982 fugam
829 930 1076 983 exprobravit
1108 933 1254 971 amico.

74 996 117 1028 70
137 990 342 1040 Aspiciunt
373 990 496 1029 oculis
528 991 662 1041 superi
694 989 870 1028 mortalia
901 991 1038 1029 iustis:

137 1047 197 1086 En
230 1055 318 1099 eget
349 1048 520 1101 auxilio,
553 1050 620 1099 qui
651 1060 729 1087 non
762 1048 878 1100 tulit3
910 1054 1031 1099 utque
1063 1049 1244 1101 reliquit,

139 1105 203 1145 Sic
234 1106 471 1158 linquendus
504 1114 615 1146 erat:
646 1107 772 1158 legem
804 1106 878 1146 sibi
910 1107 1060 1146 dixerat
1091 1109 1197 1159 ipse.

139 1163 363 1204 Conclamat
394 1167 549 1204 socios.
589 1165 725 1205 adsum
744 1197 754 1217 ‚
786 1165 977 1217 videoque
1010 1171 1244 1205 trementem

136 1223 430 1275 Pallentemque
461 1230 569 1263 metu
601 1230 640 1263 et
672 1223 932 1276 trepidantem
964 1231 1090 1263 morte
1124 1225 1277 1264 futura.

75 1289 116 1320 '15
138 1281 314 1334 Opposui
344 1282 487 1322 molem
520 1282 635 1335 clipei
666 1284 825 1334 texique
858 1284 1074 1335 iacentem,

140 1340 375 1392 Servavique
408 1343 574 1380 animam
608 1363 661 1368 —
695 1343 899 1380 minimum
932 1347 990 1380 est
1020 1341 1095 1380 hoc
1126 1341 1250 1381 laudis
1283 1363 1338 1370 —

1171 1401 1361 1441 inertem.

139 1457 181 1496 Si
212 1464 364 1509 perstas
398 1464 579 1511 certare,
611 1458 740 1498 locum
771 1457 977 1497 redeamus
1002 1459 1043 1497 in
1074 1458 1208 1498 illum:

137 1516 270 1556 Redde
302 1517 455 1556 hostem
486 1516 708 1568 vulnusque
746 1522 858 1556 tuum
890 1516 1125 1568 solitumque
1157 1518 1361 1571 timorem,

137 1574 232 1614 Post
264 1575 510 1627 clipeumque
543 1575 618 1615 late
637 1607 648 1628 ,
680 1581 720 1614 et
750 1586 904 1614 mecum
944 1575 1134 1615 contende
1168 1575 1241 1616 sub
1272 1576 1360 1616 illo.

74 1641 119 1673 80
138 1634 187 1672 Α1
217 1640 424 1685 postquam
458 1636 614 1686 eripui,
647 1635 710 1673 cui
742 1633 869 1673 standi
900 1633 1062 1673 vulnera
1093 1635 1195 1673 vires

137 1692 224 1731 Non
256 1692 474 1745 dederant,
506 1692 610 1732 nullo
645 1692 818 1732 tardatus
850 1692 1012 1732 vulnere
1044 1693 1165 1744 fugit.

138 1750 284 1790 Hector
316 1751 454 1804 adest,
486 1763 697 1802 secumque
731 1750 824 1790 deos
855 1752 896 1790 in
926 1751 1073 1803 proelia
1106 1751 1237 1792 ducit:

139 1809 301 1861 Quaque
335 1812 442 1863 ruit,
475 1822 552 1849 non
586 1816 627 1849 tu
660 1815 810 1849 tantum
843 1811 1035 1862 terreris,
1066 1808 1201 1862 Ulixe,

139 1868 216 1908 Sed
250 1869 370 1908 fortes
402 1870 547 1908 etiam:
580 1875 730 1908 tantum
764 1867 881 1906 trahit
911 1867 975 1907 ille
1008 1869 1182 1908 timoris.

75 1933 118 1966 85
139 1926 252 1966 Hunc
285 1939 354 1979 ego
389 1929 623 1978 sanguineae
656 1938 842 1966 successu
876 1926 1005 1966 caedis
1038 1932 1216 1966 ovantem

139 1985 302 2025 Eminus
332 1987 481 2037 ingenti
512 1987 742 2037 resupinum
773 1985 946 2036 pondere
978 1985 1084 2025 fudi:

139 2043 253 2083 Hunc
285 2056 357 2096 ego
388 2050 615 2096 poscentem
634 2076 645 2097 ,
678 2056 766 2083 cum
801 2055 876 2094 quo
910 2050 1194 2097 concurreret,
1227 2056 1329 2084 unus

140 2103 346 2142 Sustinui:
379 2109 604 2154 sortemque
638 2114 761 2141 meam
795 2103 983 2154 vovistiS,
1014 2101 1172 2156 Achivi,

137 2160 188 2200 Et
217 2166 369 2201 vestrae
401 2161 555 2201 valuere
588 2173 754 2213 preces.
793 2162 826 2200 si
858 2161 1044 2211 quaeritis
1076 2160 1193 2200 huius

75 2227 120 2259 90
139 2219 350 2259 Fortunam
383 2231 534 2272 pugnae
554 2252 564 2271 ,
597 2231 675 2258 non
706 2231 793 2258 sum
825 2225 1031 2271 superatus
1063 2219 1110 2258 ab
1141 2219 1228 2260 illo.

138 2277 240 2317 Ecce
274 2279 406 2318 ferunt
436 2279 560 2318 Troes
592 2278 819 2329 ferrumque
851 2279 1059 2329 ignemque
1092 2278 1300 2331 Iovemque

91 2349 207 2376 ovn).
229 2351 278 2376 11.
1033 2347 1076 2379 17
