1554 2563
606 107 679 152 vl,
705 112 867 143 41-113
883 135 890 143 .
1035 120 1194 143 menna
1339 107 1419 149 109

197 216 391 257 Exiluisse
423 217 580 270 serum3
613 229 689 269 quo
723 219 886 269 pignore
919 216 1091 257 vindicet
1122 216 1285 257 urbem.

198 276 246 314 At
276 275 351 315 sibi
382 275 447 315 dat
478 275 646 327 clipeum
664 307 675 328 ‚
707 275 773 315 dat
803 282 939 315 acutae
972 276 1146 328 cuspidis
1177 276 1351 329 hastam,

199 334 271 373 Dat
301 333 448 386 galeam
480 336 628 386 capiti;
660 334 885 373 defenditur
917 334 1051 386 aegide
1083 340 1245 386 pectus:

134 400 180 432 80
202 392 513 444 Percussamque
545 404 614 432 sua
647 393 804 432 simulat
835 393 883 432 de
916 393 1078 444 cuspide
1110 399 1259 433 terram

199 451 327 490 Edere
360 463 449 490 cum
481 450 588 490 bacis
621 451 743 490 fetum
777 453 953 491 canentis
986 452 1132 491 olivae:

199 509 410 560 Mirarique
443 510 566 549 deos:
598 512 708 562 operi
740 512 902 549 victoria
933 511 1044 549 finis.

200 567 251 606 Ut
283 574 412 607 tamen
444 568 632 620 exemplis
665 568 864 620 intellegat
895 569 1045 608 aemula
1076 569 1229 621 laudis,

202 626 314 672 Quod
347 628 520 678 pretium
552 633 684 678 speret
715 639 786 678 pro
820 633 898 666 tam
930 627 1134 666 furialibus
1167 628 1293 679 ausis,

136 692 180 724 85
203 685 400 730 Quattuor
431 687 472 724 in
502 692 634 737 partes
667 688 880 725 certamina
912 692 1097 737 quattuor
1129 686 1235 724 addit

202 743 311 782 Clara
343 743 474 782 colore
507 756 577 782 suo
596 776 607 797 ,
640 743 824 783 brevibus
857 745 1039 784 distincta
1071 744 1229 796 sigillis.

201 801 421 842 Threiciam
442 802 657 854 Rhodopen
689 803 806 842 habet
837 803 1002 854 angulus
1034 815 1137 842 unus
1169 809 1208 841 et
1226 802 1424 854 Haemon,

199 860 312 900 Nunc
333 860 481 912 gelidos
501 867 654 900 montes
667 893 678 914 ,
698 861 875 901 mortalia
894 874 1058 913 corpora
1080 861 1275 913 quondam
1288 893 1300 914 ‚
1315 869 1335 896 ἰ.
1354 869 1425 895 lxv-

201 918 364 958 Nomina
397 932 641 959 summorum
672 920 746 959 sibi
778 921 844 971 qui
876 920 1051 959 tribuere
1084 920 1270 959 deorum.

140 986 185 1017 90
206 978 335 1017 Altera
367 978 580 1030 Pygmaeae
612 979 734 1018 fatum
765 979 986 1018 miserabile
1019 980 1155 1018 matris

201 1036 296 1075 Pars
316 1036 455 1076 habet.
486 1037 586 1076 hanc
605 1037 702 1076 Iuno
722 1039 862 1076 victam
890 1039 1102 1076 certamine
1128 1037 1245 1076 iussit
1295 1045 1326 1070 r.
1344 1044 1421 1070 lxvi-

204 1095 300 1134 Esse
333 1107 470 1147 gruem
502 1095 735 1147 populisque
768 1097 849 1134 suis
880 1095 1055 1134 indicere
1087 1095 1256 1134 bellum.

204 1154 334 1192 Pinxit
365 1160 404 1192 et
435 1155 654 1205 Antigonen
685 1166 818 1194 ausam
850 1154 1088 1193 contendere
1120 1154 1315 1205 quondam

207 1212 303 1252 Cum
335 1214 464 1263 magni
497 1218 679 1252 consorte
711 1212 840 1265 Iovis,
874 1225 990 1264 quam
1022 1214 1128 1264 regia
1159 1212 1256 1252 Iuno

140 1271 246 1310 951n
279 1270 478 1309 volucrem
509 1273 654 1323 vertit3
686 1283 759 1310 nec
789 1272 939 1323 profuit
969 1271 1066 1310 Ilion
1098 1271 1154 1309 illi
1285 1279 1313 1304 1·
1333 1278 1424 1304 lxvii·

204 1329 474 1368 Laomedonve
504 1336 646 1382 pater,
678 1331 844 1381 sumptis
877 1331 972 1381 quin
1005 1329 1168 1368 candida
1199 1330 1339 1381 pennis

205 1388 292 1439 lpsa
323 1387 400 1426 sibi
429 1387 589 1439 plaudat
620 1390 835 1440 crepitante
869 1389 1019 1427 ciconia
1049 1394 1204 1427 rostro.

206 1447 283 1492 Qui
314 1452 498 1498 superest
528 1446 634 1485 solus
652 1479 663 1499 ‚
695 1447 862 1499 Cinyran
893 1446 1012 1485 habet
1043 1447 1209 1498 angulus
1241 1446 1406 1497 orhum3

206 1505 321 1555 lsque
341 1504 484 1556 gradus
504 1505 662 1557 templi,
682 1511 862 1544 natarum
876 1504 1050 1544 membra
1066 1517 1226 1544 suarum
1239 1536 1250 1556 ,
1285 1512 1304 1539 f·
1323 1511 1428 1538 1xviii-

120 1570 187 1602 loo
206 1563 454 1614 Amplectens
485 1574 657 1614 saxoque
688 1565 819 1602 iacens
850 1563 1054 1602 lacrimare
1086 1563 1265 1602 videtur.

207 1621 357 1661 Circuit
387 1628 581 1660 extremas
613 1621 709 1660 oleis
739 1621 938 1673 pacalIbus
970 1633 1082 1660 oras.

206 1680 244 1719 Is
275 1680 414 1719 modus
447 1685 536 1732 est,
567 1681 776 1731 operisque
809 1692 878 1719 sua
910 1680 1002 1719 facit
1032 1679 1172 1719 arbore
1205 1680 1330 1719 finem.

266 1738 439 1777 Maeonis
470 1738 620 1777 elusam
651 1738 829 1790 designat
858 1740 1026 1790 imagine
1056 1740 1160 1777 tauri

209 1796 436 1849 Europam:
467 1809 603 1836 verum
635 1803 791 1836 taurum
810 1828 821 1849 ,
853 1797 952 1836 freta
982 1809 1074 1835 vera
1103 1803 1289 1849 putares;

125 1863 189 1895 105
211 1855 298 1906 Ipsa
328 1854 534 1895 videbatur
564 1861 690 1894 terras
723 1861 901 1907 spectare
932 1855 1089 1894 relictas

171 1937 181 1944 -
208 1913 258 1952 Et
289 1915 452 1953 comites
484 1913 650 1953 clamare
683 1926 773 1952 suas
791 1945 802 1966 ‚
833 1920 1059 1964 tactumque
1091 1914 1220 1952 vereri

208 1971 428 2011 Assilientis
459 1984 580 2023 aquae
612 1972 845 2023 timidasque
877 1972 1069 2010 reducere
1100 1971 1274 2023 plantaS.

209 2030 318 2069 Fecit
349 2036 388 2069 et
418 2031 597 2069 Asterien
630 2031 757 2082 aquila
788 2030 960 2069 luctante
992 2031 1143 2069 teneri:
1191 2036 1428 2064 mlxix-lxxvi.

209 2088 318 2127 Fecit
348 2089 510 2128 olorinis
541 2088 686 2128 Ledam
717 2088 907 2128 recubare
939 2087 1012 2127 sub
1045 2088 1139 2127 alis:

124 2154 190 2185 110
210 2146 396 2200 Addidit,
427 2153 471 2186 ut
503 2147 631 2198 Satyri
663 2147 810 2187 celatus
842 2148 1009 2197 imagine
1040 2145 1245 2198 pulchram

209 2204 387 2256 luppiter
417 2205 589 2257 implerit
619 2207 774 2257 gemino
805 2204 993 2256 Nycteida
1025 2205 1133 2257 fetu,

210 2263 467 2315 Amphitryon
499 2264 619 2303 suerit
636 2296 647 2317 ‚
680 2276 769 2303 cum
801 2270 839 2302 te
858 2295 870 2316 ‚
901 2263 1133 2315 Tirynthia,
1166 2263 1293 2315 cepit,

210 2321 365 2360 Aureus
396 2326 441 2361 ut
471 2321 628 2361 Danaen
646 2354 658 2373 ,
689 2322 857 2374 Asopida
888 2321 1027 2360 luserit
1057 2322 1181 2374 ignis,
