1554 2563
129 153 209 193 114
358 164 524 186 mombar:
674 149 887 184 METAMM
901 176 909 184 .

242 261 409 300 Ultimus
440 259 610 299 Ilioneus
636 272 714 299 non
745 259 971 312 profectura
1002 259 1198 311 precando

241 318 426 358 Bracchia
458 318 699 371 sustulerat,
732 315 801 357 ‘di'
834 330 910 369 que
943 315 981 356 ‘o
1007 319 1268 357 communiter
1288 329 1423 357 omnes
1436 314 1462 370 ,⁹

241 378 427 430 Dixerat,
459 379 618 429 ignarus
650 389 727 416 non
760 389 896 415 omnes
929 388 1015 416 esse
1047 377 1263 430 rogandos,

242 434 411 475 ‘Parcite
431 433 456 475 !'
490 441 618 475 motus
649 442 762 488 erat,
794 447 884 474 cum
915 436 991 475 iam
1023 434 1240 474 revocabile
1272 435 1393 474 telum

132 502 221 534 ‘265
242 494 328 533 Non
360 495 434 534 fuit
451 526 462 547 ,
495 496 745 534 arcitenens.
783 495 944 533 minimo
977 500 1106 532 tamen
1138 493 1281 533 occidit
1311 493 1375 532 ille

241 552 441 606 Vulnere,
473 565 549 592 non
583 552 657 592 alte
688 564 878 604 percusso
911 552 1028 591 corde
1062 553 1222 603 sagitta.

301 611 415 651 Fama
448 611 536 650 mali
568 611 780 663 populique
813 611 922 650 dolor
950 611 1210 662 lacrimaeque
1243 623 1405 650 suorum

243 671 339 710 Tam
371 670 521 709 subitae
555 676 718 709 matrem
752 677 898 709 certam
931 670 1060 709 fecere
1093 671 1230 709 ruinae

242 729 448 769 Mirantem
480 730 655 780 potuisse
675 760 686 781 ,
717 730 1030 779 irascentemque
1050 760 1061 781 ,
1094 728 1197 780 quod
1229 730 1313 775 ausi

155 797 223 827 270
242 787 326 827 Hoc
358 793 519 840 essent,
550 789 685 839 superi
717 787 820 838 quod
853 793 1003 826 tantum
1035 788 1133 826 iuris
1164 786 1376 826 haberent.

242 846 339 886 Nam
370 852 481 898 pater
513 846 705 897 Amphion
737 846 842 884 ferro
875 858 945 897 per
976 851 1115 897 pectus
1147 845 1282 885 adacto

243 905 415 945 Finierat
446 906 618 944 moriens
649 905 797 956 pariter
829 916 917 943 cum
948 904 1035 943 luce
1067 903 1265 943 dolorem.

244 963 330 1004 Heu
362 969 552 1015 quantum
583 963 679 1002 haec
710 961 833 1002 Niobe
865 961 988 1001 Niobe
1020 962 1188 1002 distabat
1219 963 1264 1001 ah
1297 963 1383 1014 illa,

244 1023 351 1069 Quae
383 1023 498 1061 modo
530 1020 660 1061 Latois
690 1021 879 1074 populum
911 1028 1175 1061 summoverat
1200 1023 1277 1061 aris

154 1090 221 1121 275
244 1082 292 1120 Et
324 1081 489 1120 mediam
521 1080 665 1120 tulerat
695 1092 855 1132 gressus
888 1081 1073 1132 resupina
1104 1093 1176 1132 per
1206 1080 1369 1133 urbem,

246 1140 437 1179 invidiosa
460 1141 581 1191 ,suis3
613 1145 651 1178 at
682 1151 787 1178 nunc
820 1138 1040 1178 miseranda
1071 1139 1131 1178 vel
1162 1138 1289 1179 hosti.

244 1197 484 1250 Corporibus
515 1197 653 1249 gelidis
684 1197 905 1250 incumbit,
938 1204 977 1237 et
1006 1197 1143 1237 ordine
1176 1197 1282 1237 nullo

245 1257 385 1297 Oscula
419 1257 619 1308 dispensat
650 1261 761 1295 natos
794 1268 976 1308 suprema
1009 1269 1081 1307 per
1113 1268 1271 1296 omnes.

243 1317 273 1354 Α
305 1315 448 1366 quibus
480 1315 526 1354 ad
559 1314 708 1354 caelum
739 1314 896 1354 liventia
927 1314 1107 1354 bracchia
1140 1314 1279 1354 tollens

155 1382 223 1414 280
245 1372 426 1413 ‘Pascere
446 1406 456 1426 ,
489 1373 659 1413 crudelis
679 1405 690 1425 ,
722 1378 856 1412 nostro
876 1405 886 1426 ,
919 1372 1063 1412 Latona
1082 1405 1093 1425 ,
1125 1373 1259 1413 dolore
1279 1405 1290 1426 ,

245 1429 446 1483 [Pascere’
479 1433 560 1484 ait,
594 1429 783 1483 ‘satiaque
816 1444 902 1471 meo
936 1437 1003 1471 tua
1034 1438 1195 1484 pectora
1225 1432 1334 1471 luctu
1349 1431 1377 1483 ε]

245 1491 399 1543 Corque
432 1491 559 1530 rerum
592 1492 687 1529 satia
707 1487 732 1529 !'
765 1491 862 1530 dixit
894 1487 979 1542 ‘per
1011 1491 1149 1530 funera
1181 1497 1331 1543 septem

243 1549 425 1590 Efferor.
463 1549 593 1589 exulta
612 1581 622 1601 ,
654 1550 872 1600 victrixque
904 1550 1060 1588 inimica
1086 1549 1306 1601 triumpha.

245 1608 324 1649 Cur
356 1613 487 1648 autem
518 1609 659 1647 victrix
678 1606 700 1647 ‘?
730 1609 896 1647 miserae
928 1607 1024 1647 mihi
1055 1607 1168 1660 plura
1200 1615 1436 1660 supersunt,

156 1675 222 1709 285
245 1667 370 1713 Quam
402 1665 473 1706 tibi
504 1666 637 1705 felici.
675 1672 764 1718 post
795 1671 855 1705 tot
885 1678 1040 1718 quoque
1073 1667 1211 1706 funera
1244 1664 1395 1707 vinco.'

245 1726 432 1777 Dixerat,
464 1731 504 1764 et
534 1726 667 1763 sonuit
699 1730 884 1763 contento
916 1737 1060 1764 nervus
1093 1725 1139 1764 ab
1172 1737 1291 1765 arcu:

244 1784 320 1829 Qui
352 1789 509 1835 praeter
540 1782 691 1821 Nioben
723 1795 840 1822 unam
873 1785 1092 1823 conterruit
1123 1796 1279 1823 omnes.

244 1842 312 1881 ula
344 1841 443 1880 malo
476 1847 537 1880 est
568 1841 720 1880 audax.
759 1840 913 1880 stabant
944 1854 1033 1881 cum
1065 1842 1239 1882 vestibus
1271 1844 1366 1882 atris

243 1902 343 1940 Ante
376 1907 485 1938 toros
516 1900 683 1938 fratrum
715 1899 884 1938 demisso
916 1902 1024 1939 crine
1057 1913 1238 1941 sorores:

158 1967 224 1999 29¹0
244 1958 275 1998 E
309 1958 451 2009 quibus
483 1970 560 1997 una
592 1957 752 1997 trahens
784 1958 985 1997 haerentia
1017 1960 1166 1998 viscere
1198 1959 1272 1999 tela

245 2018 417 2069 inposito
451 2017 562 2056 fratri
593 2015 824 2055 moribunda
857 2016 1050 2067 relanguit
1081 2029 1173 2057 ore:

245 2076 375 2115 Altera
406 2075 522 2114 solari
555 2076 737 2114 miseram
763 2081 898 2114 conata
931 2082 1131 2126 parentem

245 2134 443 2173 Conticuit
476 2133 605 2172 subito
624 2165 635 2186 ,
667 2133 939 2185 duplicataque
971 2134 1132 2174 vulnere
1164 2146 1279 2174 caeco
1313 2141 1395 2175 est:

246 2191 422 2243 [Oraque
454 2193 716 2243 compressit,
748 2193 821 2230 nisi
853 2198 1060 2243 postquam
1092 2194 1254 2244 spiritus
1285 2193 1364 2232 ibat
1378 2191 1405 2243 .]

160 2260 224 2290 295
245 2250 350 2289 Haec
383 2251 528 2290 frustra
562 2251 716 2301 fugiens
748 2249 983 2290 collabitur:
1015 2251 1079 2290 illa
1110 2253 1238 2291 sorori

247 2308 488 2348 inmoritur:
520 2308 613 2347 latet
644 2308 768 2347 haec:
801 2308 904 2347 illam
935 2309 1131 2361 trepidare
1163 2310 1336 2349 videres.

247 2366 401 2418 Sexque
434 2366 534 2406 datis
566 2366 644 2406 leto
676 2366 908 2418 diversaque
939 2367 1099 2407 vulnera
1130 2369 1255 2420 passis
