1554 2563
535 119 586 154 XI
606 147 615 164 ,
641 123 828 154 346—419
842 146 851 155 .
978 132 1161 154 PsAMA'rnE
1289 119 1371 161 227

151 227 232 267 Rex
263 227 373 268 iubet
405 228 603 280 Oetaeus3
635 241 725 268 cum
757 230 845 280 quis
877 229 992 269 simul
1024 231 1106 281 ipse
1138 229 1299 282 parabat

152 287 240 326 lre.
279 287 347 327 sed
380 287 548 339 Alcyone
581 288 751 326 coniunx
784 289 910 327 excita
942 288 1112 328 tumultu

63 352 128 384 385
151 344 337 398 Prosilit,
369 353 437 398 et,
469 345 642 385 nondum
674 351 777 385 totos
810 353 945 386 ornata
978 346 1161 399 capillos,

152 403 286 443 Disicit
316 404 387 443 hos
419 406 555 457 ipsos,
587 403 765 455 colloque
796 405 924 444 infusa
957 407 1110 458 mariti,

151 462 328 502 Praestet
358 469 402 502 ut
434 463 620 502 auxilium
652 464 735 502 sine
768 475 810 502 se
829 495 840 516 ,
872 463 1081 516 verbisque
1112 470 1297 516 precatur

150 520 198 560 Et
229 520 429 574 lacrimis,
461 523 687 573 animasque
720 521 815 560 duas
847 528 892 561 ut
923 528 1053 562 servet
1083 524 1124 562 in
1155 535 1253 562 una.

148 579 334 619 Aeacides
366 579 449 619 illi:
482 577 683 631 ‘pulchros
701 611 713 633 ,
744 582 878 632 regina
897 613 907 633 ,
938 583 1103 633 piosque

60 645 129 678 390
148 637 254 677 Pone
287 645 443 677 metus.
482 638 595 690 plena
628 644 689 678 est
719 641 901 690 promissi
933 641 1056 691 gratia
1087 641 1231 679 vestri.

148 696 234 735 Non
265 696 393 748 placet
424 709 529 736 arma
562 697 656 736 mihi
689 703 824 737 contra
857 710 954 736 nova
986 704 1161 737 monstra
1192 700 1364 738 moveri:

149 755 301 794 Numen
334 754 575 795 adorandum
605 756 731 807 pelagi
763 762 824 795 est
838 753 862 795 .'
901 763 986 796 erat
1016 757 1137 796 ardua
1169 759 1291 796 turris

149 814 247 853 Arce
280 813 354 853 loci
387 826 566 865 summa,
600 815 713 853 fessis
745 815 811 854 lux
843 821 951 866 grata
984 817 1149 855 carinis.

148 872 376 911 Ascendunt
408 872 500 912 illuc
519 905 530 924 ,
563 878 785 924 stratosque
817 875 857 912 in
888 873 1002 913 litore
1035 880 1168 913 tauros

62 938 127 970 ²395
149 931 246 969 Cum
279 932 425 982 gemitu
459 933 682 984 aspiciunt,
714 938 1028 983 vastatoremque
1060 938 1224 972 cruento

149 989 227 1028 Ore
261 990 388 1028 ferum
407 1022 417 1042 ,
449 989 586 1041 longos
618 990 808 1029 infectum
840 992 1030 1042 sanguine
1062 991 1196 1030 villos.

148 1048 241 1087 Inde
275 1060 412 1087 manus
446 1048 611 1087 tendens
642 1051 680 1087 in
715 1051 840 1100 aperti
872 1049 985 1088 litora
1016 1051 1150 1102 ponti,

149 1106 376 1146 Caeruleum
409 1106 549 1146 Peleus
581 1107 814 1146 Psamathen
833 1139 844 1160 ,
876 1113 921 1146 ut
952 1108 1060 1147 finiat
1090 1109 1213 1160 iram,

149 1165 272 1217 Orat,
305 1177 498 1217 opemque
532 1166 659 1205 serat.
698 1178 771 1205 nec
802 1165 964 1205 vocibus
995 1166 1058 1205 illa
1090 1168 1264 1218 rogantis

62 1231 127 1263 400
148 1223 338 1263 Flectitur
364 1223 582 1263 Aeacidae:
614 1223 749 1263 Thetis
781 1224 881 1263 hanc
912 1237 984 1276 pro
1011 1226 1177 1276 coniuge
1210 1224 1373 1278 supplex

147 1283 308 1334 Accepit
338 1283 518 1322 veniam.
562 1282 631 1322 sed
663 1284 768 1321 enim
800 1288 1005 1322 revocatus
1037 1286 1078 1322 in
1110 1285 1191 1323 acri

148 1340 273 1380 Caede
306 1340 421 1392 lupus
453 1347 632 1393 perstat,
665 1341 870 1381 dulcedine
903 1343 1103 1393 sanguinis
1135 1354 1274 1394 asper3

146 1399 279 1438 Donec
311 1399 581 1438 inhaerentem
612 1399 762 1439 lacerae
795 1401 948 1439 cervice
980 1402 1167 1440 iuvencae

147 1458 339 1497 Marmore
373 1459 535 1496 mutavit
554 1489 562 1497 .
602 1470 745 1509 corpus
771 1464 1007 1510 praeterque
1033 1459 1204 1498 colorem
1227 1469 1254 1494 f.
1274 1467 1372 1495 clxvi-

60 1523 127 1556 405
149 1516 287 1555 Omnia
319 1517 514 1555 servavit:
546 1515 684 1567 lapidis
717 1516 825 1555 color
856 1516 1031 1570 indicat,
1062 1517 1173 1556 illum

148 1575 227 1614 lam
259 1586 337 1613 non
370 1587 456 1614 esse
489 1574 655 1626 lupum,
686 1576 764 1614 iam
795 1587 874 1614 non
906 1575 1050 1614 debere
1083 1577 1235 1615 timeri.

148 1633 228 1672 Nee
260 1638 388 1672 tamen
421 1633 492 1671 hac
524 1634 734 1684 profugum
767 1634 983 1673 consistere
1014 1633 1129 1673 Pelea
1161 1640 1267 1674 terra

149 1692 239 1731 Fata
271 1693 434 1731 sinunt:
471 1691 669 1742 Magnetas
701 1691 780 1730 adit
810 1704 929 1744 vagus
961 1692 1080 1745 exul,
1112 1698 1151 1731 et
1180 1692 1259 1732 illic

149 1750 277 1789 Sumit
308 1750 354 1789 ab
387 1749 600 1789 Haemonio
633 1751 862 1802 purgamina
894 1750 1024 1790 caedis
1055 1751 1218 1790 Acast0.

39 1816 128 1851 ⁴410
206 1808 360 1848 Interea
393 1809 603 1859 fratrisque
637 1810 698 1847 sui
730 1809 970 1860 fratremque
1002 1811 1148 1849 secutis

147 1868 267 1906 Anxia
299 1867 487 1918 prodigiis
520 1866 700 1906 turbatus
730 1873 890 1918 pectora
922 1867 1050 1920 Ceyx,

148 1925 333 1965 Consulat
363 1931 408 1965 ut
439 1937 598 1978 sacras,
630 1925 833 1964 hominum
864 1925 1120 1965 oblectamina
1140 1958 1150 1978 ‚
1182 1932 1334 1980 sortes,

146 1984 203 2023 Ad
236 1983 407 2023 Clarium
438 1990 549 2035 parat
580 1985 637 2023 ire
671 1984 815 2023 deum.
854 1996 943 2022 nam
975 1985 1118 2035 templa
1150 1985 1338 2035 profanus

147 2043 252 2082 Invia
283 2054 373 2082 cum
404 2042 586 2094 Phlegyis
619 2042 785 2081 faciebat
816 2041 1001 2094 Delphica
1032 2042 1228 2082 Phorbas.

59 2108 125 2140 415
147 2100 307 2140 Consilii
338 2107 467 2140 tamen
499 2106 589 2140 ante
620 2102 709 2153 sui,
744 2100 928 2139 fidissima
947 2133 958 2152 ‚
990 2107 1139 2140 certam

146 2159 201 2198 Te
234 2159 324 2198 faci-t
341 2191 352 2212 ,
384 2159 583 2211 Alcyone.
628 2160 692 2198 cui
722 2160 905 2210 protinus
937 2160 1073 2198 intima
1105 2160 1229 2211 frigus

148 2217 244 2257 Ossa
275 2223 541 2270 receperunt,
572 2216 755 2268 buxoque
787 2217 1008 2256 simillimus
1040 2230 1108 2257 ora

148 2275 274 2315 Pallor
305 2275 415 2329 obit,
446 2276 695 2327 lacrimisque
727 2288 848 2326 genae
880 2276 1065 2315 maduere
1096 2277 1291 2329 profusis.

146 2333 224 2373 Ter
256 2340 393 2373 conata
425 2334 532 2386 loqui
563 2339 624 2373 ter
655 2333 812 2374 fletibus
844 2346 912 2373 ora
943 2336 1105 2387 rigavit,

1017 2401 1086 2435 15*
