1554 2563
98 94 153 135 28
311 107 495 130 ΡΗΑΕΤΗΟΝ
646 94 861 129 ΜΕΤΑΜΜ
875 121 884 130 .

216 205 439 244 Admiratur
470 216 592 255 equos
611 236 622 257 ,
653 204 908 256 ambustaque
940 204 1071 243 nubila
1103 205 1275 244 sumant.

129 271 194 302 210
217 264 437 315 Corripitur
467 263 632 302 flammis
664 270 708 303 ut
740 276 917 315 quaeque
949 263 1135 302 altissima
1153 295 1164 316 ,
1194 264 1334 316 tellus,

218 322 403 372 Fissaque
434 323 513 373 agit
543 324 662 361 rimas
694 328 734 361 et
764 324 870 361 sucis
901 329 985 361 aret
1016 322 1227 374 ademptis.

217 380 361 420 Pabula
391 387 633 434 canescunt,
664 393 754 420 cum
786 380 990 419 frondibus
1023 383 1152 420 uritur
1183 380 1320 434 arbor,

216 439 492 490 Materiamque
524 452 595 478 suo
627 440 789 491 praebet
819 451 931 491 seges
963 439 1069 478 arida
1100 439 1263 479 damno.

217 498 338 537 Parva
370 509 516 548 queror
535 529 543 537 .
582 511 742 550 magnae
768 504 938 549 pereunt
956 510 1046 537 cum
1066 498 1271 538 moenibus
1291 498 1438 551 urbes,

130 565 195 595 215
217 556 394 607 Cumque
427 558 508 595 suis
540 563 642 596 totas
672 557 828 608 populis
858 556 1038 596 incendia
1070 563 1206 608 gentes

217 615 260 654 In
292 617 466 654 cinerem
497 622 682 655 vertunt.
721 615 838 655 silvae
871 627 960 654 cum
990 615 1189 655 montibus
1222 615 1383 670 ardent,

217 674 338 713 Ardet
369 673 490 713 Athos
521 673 754 725 Taurusque
788 674 885 713 Cilix
916 680 956 713 et
986 674 1147 713 Tmolus
1179 680 1219 713 et
1250 673 1347 714 Oete

217 732 266 772 Et
295 738 380 772 tum
412 734 513 772 sicca
532 764 543 785 ,
568 735 678 784 prius
710 732 949 772 creberrima
981 733 1154 774 fontibus
1187 733 1252 772 Ide

216 791 502 843 Virgineusque
534 791 697 830 Helicon
729 798 768 830 et
800 792 974 831 nondum
1006 791 1196 843 Oeagrius
1228 792 1418 833 Haemos.

130 858 196 888 2⁶20
218 850 338 889 Ardet
369 851 409 889 in
441 852 663 889 inmensum
688 851 893 901 geminatis
925 850 1082 902 ignibus
1114 851 1260 903 Aetne,

216 910 490 960 Parnasusque
522 908 657 960 biceps
689 914 729 948 et
759 908 863 961 Eryx
894 915 934 948 et
966 909 1140 960 Cynthus
1167 916 1206 948 et
1238 909 1407 963 Othrys,

216 968 266 1007 Et
297 968 454 1007 tandem
486 967 639 1006 nivibus
671 967 859 1019 Rhodope
892 970 1085 1020 caritura,
1116 967 1330 1020 Mimasque

216 1026 483 1078 Dindymaque
515 1033 554 1065 et
584 1026 730 1077 Mycale
763 1032 956 1077 natusque
988 1027 1034 1065 ad
1067 1038 1177 1065 sacra
1203 1026 1436 1067 Cithaeron.

216 1085 296 1125 Nec
327 1090 495 1136 prosunt
527 1084 705 1136 Scythiae
739 1097 807 1124 sua
839 1086 1013 1136 frigora:
1046 1085 1241 1124 Caucasus
1273 1086 1408 1139 ardet,

128 1152 193 1182 225
216 1144 391 1194 Ossaque
418 1156 507 1183 cum
538 1143 662 1182 Pindo
695 1145 896 1195 maiorque
929 1143 1118 1183 ambobus
1150 1143 1360 1197 Olympus,

215 1203 432 1253 Aeriaeque
463 1202 579 1253 Alpes
612 1208 650 1241 et
681 1202 838 1241 nubifer
869 1203 1148 1254 Appenninus.

215 1262 316 1300 Tum
347 1273 440 1300 vero
471 1260 672 1300 Phaethon
705 1263 856 1300 cunctis
889 1274 909 1299 e
936 1261 1114 1313 partibus
1147 1261 1283 1301 orbem

215 1321 364 1372 Aspicit
395 1331 604 1359 accensum
636 1332 708 1358 nec
740 1325 870 1359 tantos
902 1322 1073 1359 sustinet
1103 1326 1259 1372 aestus,

215 1379 507 1429 Ferventesque
540 1390 654 1417 auras
686 1378 792 1417 velut
823 1391 843 1417 e
876 1379 1034 1417 fornace
1065 1379 1259 1430 profunda

128 1445 195 1476 230
216 1437 293 1477 Ore
325 1436 474 1489 trahit,
506 1448 727 1487 currusque
760 1449 852 1475 suos
885 1437 1120 1476 candescere
1153 1439 1294 1490 sentit3

215 1496 265 1535 Et
296 1508 424 1547 neque
456 1497 533 1534 iam
565 1497 718 1534 cineres
750 1497 1033 1547 eiectatamque
1065 1495 1231 1534 favillam

215 1555 335 1593 Ferre
367 1560 527 1606 potest,
559 1553 761 1605 calidoque
793 1553 1002 1593 involvitur
1034 1554 1208 1605 undique
1241 1555 1372 1608 sumo,

216 1613 380 1664 Quoque
413 1618 503 1665 eat,
535 1619 602 1651 aut
631 1611 700 1651 ubi
732 1614 810 1665 sit,
841 1614 952 1664 picea
984 1612 1146 1665 caligine
1178 1619 1306 1653 tectus

216 1671 378 1722 Nescit,
410 1677 450 1710 et
480 1670 642 1710 arbitrio
674 1671 878 1710 volucrum
910 1677 1087 1723 raptatur
1119 1684 1334 1723 equorum.

128 1739 193 1769 ¹335
215 1730 412 1781 Sanguine
432 1736 527 1768 tunc
547 1730 714 1769 credunt
732 1731 772 1768 in
793 1742 959 1781 corpora
984 1742 1135 1769 summa
1165 1736 1301 1770 vocato
1326 1739 1355 1765 f.
1374 1739 1435 1766 xn-

216 1789 451 1839 Aethiopum
482 1788 649 1840 populos
679 1789 835 1839 nigrum
867 1789 1031 1827 traxisse
1064 1788 1258 1828 colorem.

215 1847 315 1886 Tum
347 1847 446 1886 facta
478 1853 539 1885 est
569 1846 688 1898 Libye
720 1848 842 1898 raptis
873 1847 1077 1886 umoribus
1103 1853 1212 1886 aestu

215 1905 331 1944 Arida
350 1936 359 1945 .
397 1911 481 1944 tum
513 1905 704 1957 nymphae
734 1906 860 1957 passis
891 1906 1098 1956 fontesque
1130 1905 1317 1956 lacusque

215 1964 416 2003 Dessevere
447 1966 597 2003 comis.
637 1965 794 2015 quaerit
823 1963 983 2002 Boeotia
1014 1963 1181 2016 Dircen,

129 2031 195 2061 240
216 2024 339 2074 Argos
370 2023 610 2074 Amymonen
630 2054 641 2075 ,
672 2022 828 2074 Ephyre
859 2021 1062 2061 Pirenidas
1094 2022 1240 2062 undas.

216 2080 295 2120 Nec
327 2083 464 2120 sortita
489 2081 575 2120 loco
608 2081 797 2120 distantes
828 2080 988 2119 flumina
1018 2082 1124 2132 ripas

215 2140 315 2178 Tuta
346 2146 532 2179 manent.
571 2139 709 2179 mediis
740 2139 880 2178 Tanais
913 2140 1074 2178 fumavit
1103 2141 1144 2178 in
1177 2139 1317 2192 undis,

217 2198 446 2249 Peneosque
479 2210 598 2237 senex
616 2230 628 2250 ‚
658 2197 1028 2248 Teuthranteusque
1061 2197 1223 2250 Caicus,

218 2256 265 2295 Et
295 2255 400 2295 celer
431 2256 607 2295 Ismenos
639 2269 730 2296 cum
760 2256 952 2308 Phegiaco
984 2255 1247 2308 ErymanthO,

128 2323 194 2353 245
216 2315 467 2366 Arsurusque
498 2317 642 2354 iterum
673 2314 851 2354 Xanthus
869 2346 880 2367 ‚
911 2314 1111 2366 flavusque
1143 2313 1377 2369 Lycormas,
