1554 2563
67 106 120 148 70
261 120 342 142 Pru.
370 119 493 140 rursm:
617 104 831 139 METAMM
844 131 853 140 .

96 225 161 257 135
182 217 386 256 Pallidiora
419 228 560 267 gerens
591 215 794 255 exhorruit
825 217 1007 266 aequoris
1038 217 1184 266 instar,

184 275 293 322 Quod
328 276 488 327 tremit,
521 276 659 326 exigua
690 286 780 314 cum
812 285 1008 313 summum
1047 275 1253 323 stringitur
1283 284 1401 315 aura.

184 334 259 373 Sed
293 340 499 386 postquam
530 339 723 373 remorata
755 344 847 372 suos
880 333 1061 383 cognovit
1091 343 1267 384 amores,

182 394 358 433 Percutit
388 392 568 444 indignos
599 392 703 443 Clffl
729 391 914 443 plangore
944 390 1137 443 lacertos,
1374 410 1432 422 -λ

183 451 231 491 Et
262 452 401 491 laniata
434 463 564 490 comas
596 450 848 503 amplexaque
880 461 1024 501 corpus
1056 454 1225 488 amatum

97 519 162 551 140
181 510 351 549 Vulnera
382 510 576 562 supplevit
604 509 775 549 lacrimis
805 508 1021 559 fletumque
1052 509 1185 547 cruori

184 569 369 620 Miscuit,
401 574 440 608 et
465 567 877 620 gelidiswinivultibus
909 566 1043 606 oscula
1074 567 1196 618 figens

129 620 147 641 ⁸*
182 625 375 679 “Pyrame
395 624 421 681 ,⁹
454 627 631 666 clamavit
664 624 768 678 ‘quis
799 631 838 665 te
871 626 965 664 mihi
998 637 1111 664 casus
1145 622 1324 665 ademit?

182 687 344 738 Pyrame
364 718 375 739 ,
408 685 630 738 responde:
662 691 728 724 tua
760 690 798 724 te
831 686 1030 724 carissima
1061 683 1207 723 Thisbe

182 746 390 784 Nominat.
428 744 567 784 exaudi
586 776 597 796 ,
629 744 836 795 vultusque
869 743 1000 783 attolle
1033 744 1205 783 iacentes
1219 739 1261 782 !'’

96 813 160 844 145
182 803 237 843 Ad
269 815 412 842 nomen
443 802 609 842 Thisbes
641 802 776 842 oculos
806 804 882 842 iam
915 809 1040 841 morte
1071 808 1249 853 gravatos

181 864 369 915 Pyramus
402 864 554 913 erexit,
588 863 744 913 visaque
777 861 997 900 recondidit
1027 860 1111 900 illa.

181 922 289 968 Quae
320 927 527 973 postquam
559 926 785 971 vestemque
818 932 929 959 suam
960 921 1168 972 cognovit,
1200 925 1238 958 et
1271 932 1363 959 ense

179 980 284 1019 Vidit
314 979 413 1019 ebur
438 991 632 1032 vacuum,
666 976 762 1018 “tua
795 985 832 1018 te
864 975 1018 1018 manus'
1052 980 1180 1030 inquit
1201 975 1402 1031 ‘amorque

179 1039 383 1090 Perdidit,
415 1039 577 1077 infelix.
616 1043 677 1077 est
708 1043 747 1077 et
778 1037 873 1076 mihi
904 1038 1016 1076 fortis
1047 1038 1088 1076 in
1122 1049 1243 1076 unum

95 1106 160 1138 150
180 1098 263 1136 Hoc
295 1110 433 1136 manus
450 1129 461 1150 ‚
494 1102 554 1136 est
585 1102 623 1135 et
648 1109 784 1136 amor:
817 1095 922 1135 dabit
954 1096 1015 1135 hic
1035 1097 1075 1135 in
1096 1096 1256 1136 vulnera
1277 1098 1401 1137 vires.

179 1157 400 1207 Persequar
431 1158 676 1207 extinctum,
708 1156 853 1206 letique
887 1156 1104 1194 miserrima
1136 1156 1244 1193 dicar

181 1216 304 1254 Causa
337 1227 545 1266 comesque
577 1216 662 1254 tui.
702 1215 847 1265 quique
880 1226 900 1253 a
932 1225 993 1253 me
1027 1220 1151 1252 morte
1179 1213 1311 1253 revelli

181 1274 264 1313 Heu
298 1274 377 1313 sola
409 1280 594 1325 poteras,
627 1275 774 1324 poteris
806 1285 878 1312 nec
910 1278 1036 1312 morte
1068 1272 1224 1312 revelli.

181 1332 262 1372 Hoc
292 1338 423 1371 tamen
455 1332 660 1371 amborum
691 1331 820 1371 verbis
852 1333 1160 1391 QSKQEAEQRQL
1241 1356 1284 1363 --
1353 1326 1515 1390 lw‘sfftm

94 1400 159 1431 155
181 1392 212 1430 Ο
245 1391 411 1430 multum
443 1392 606 1442 miseri,
638 1402 748 1430 meus
773 1387 956 1441 illiusque
984 1391 1408 1442 parentes,

180 1450 230 1489 Ut
261 1463 359 1501 quos
391 1456 524 1489 certus
557 1461 693 1500 amor,
725 1461 823 1500 quos
854 1449 950 1487 hora
983 1449 1190 1488 novissima
1222 1450 1372 1502 iunxit,

180 1509 370 1561 Componi
402 1508 551 1548 tumulo
584 1520 662 1547 non
695 1508 898 1547 invideatis
931 1507 1089 1546 eodem.
1222 1516 1253 1542 ε.
1274 1516 1398 1542 xxxvii.

180 1570 229 1607 At
259 1574 331 1620 tu,
364 1580 462 1618 quae
495 1568 612 1606 ramis
644 1566 761 1606 arbor
792 1566 1012 1606 miserabile
1046 1579 1189 1618 corpus

179 1627 292 1665 Nunc
324 1628 423 1678 tegis
456 1627 602 1679 unius,
634 1638 723 1665 mox
756 1638 798 1665 es
830 1631 981 1665 tectura
1014 1625 1206 1678 duorum,

94 1693 160 1725 160
181 1685 299 1736 Signa
330 1691 420 1725 tene
453 1685 611 1737 caedis,
642 1684 849 1742 pullosque
882 1690 921 1723 et
950 1683 1123 1723 luctibus
1154 1689 1264 1736 aptos

181 1744 345 1795 Semper
376 1743 474 1782 habe
507 1744 634 1796 fetus,
666 1745 810 1794 gemini
843 1748 1095 1782 monumenta
1127 1740 1320 1782 cruonis?

179 1802 311 1853 Dixit,
342 1808 382 1841 et
412 1807 541 1854 aptato
572 1808 711 1854 pectus
742 1814 930 1840 mucrone
963 1801 1035 1840 sub
1067 1802 1189 1841 imum

180 1860 362 1900 Incubuit
391 1861 497 1899 ferro
516 1892 527 1914 ‚
560 1861 662 1912 quod
695 1860 821 1899 adhuc
853 1873 873 1899 a
907 1860 1023 1899 caede
1055 1860 1232 1912 tepebat.

179 1919 274 1958 Vota
308 1926 435 1958 tamen
469 1921 632 1971 tetigere
665 1919 789 1971 deos,
821 1921 985 1970 tetigere
1017 1925 1223 1970 parentes.

94 1986 159 2018 165
179 1978 275 2018 Nam
308 1978 415 2017 color
446 1980 486 2017 in
518 1990 632 2030 pomo
665 1984 753 2029 est,
785 1977 852 2016 ubi
882 1980 1174 2030 permaturuit,
1212 1984 1317 2018 ater:

180 2037 371 2088 Quodque
403 2039 507 2088 rogis
539 2043 749 2089 superest,
780 2049 857 2075 una
888 2038 1102 2088 requiescit
1132 2038 1172 2076 in
1204 2033 1340 2076 urna.'

239 2096 439 2135 Desierat:
468 2095 718 2147 mediumque
740 2096 813 2134 fuit
831 2095 948 2134 breve
968 2100 1147 2148 tempus,
1173 2101 1213 2134 et
1232 2107 1320 2135 orsa
1340 2101 1397 2136 est

180 2154 316 2193 Dicere
350 2154 585 2194 Leuconoe.
623 2166 757 2193 vocem
790 2161 952 2193 tenuere
983 2166 1164 2193 sorores,

180 2210 308 2251 ‘Hunc
341 2225 497 2264 quoque
517 2245 527 2264 ,
559 2212 710 2252 siderea
743 2214 809 2264 qui
842 2219 1032 2263 temperat
1057 2214 1186 2251 omnia
1217 2212 1328 2265 luce,

93 2278 160 2311 170
180 2272 292 2321 Cepit
324 2283 431 2310 amor
463 2272 617 2311 Solem:
650 2271 750 2310 Solis
781 2272 998 2310 referemus
1030 2283 1206 2311 amores.

179 2329 333 2369 Primus
366 2330 600 2369 adulterium
632 2329 793 2369 Veneris
826 2342 914 2368 cum
947 2329 1068 2369 Marte
1094 2336 1255 2378 putatur

1426 1655 1441 1670 l«

1368 1675 1411 1705 (μ’
1427 1671 1442 1693 ‘³'
