1554 2563
146 142 228 184 326
350 157 411 179 mv
427 170 434 178 .
461 156 576 178 nsmus
696 143 909 177 METAMM
923 170 931 178 .

260 253 431 303 Porrigit
462 251 641 303 aequales
685 252 812 291 media
844 252 983 291 tellure
1016 252 1181 292 lacertos

261 310 346 350 Huc
379 323 420 349 se
452 310 500 349 de
531 309 639 350 Latia
670 312 766 362 pinu
798 310 1019 350 Phoebeius
1051 313 1188 362 anguis

261 369 462 422 Contulit,
494 374 534 408 et
565 370 682 408 tinem
713 371 843 421 specie
875 370 1041 409 caeleste
1074 374 1274 420 resumpta

261 427 449 467 Luctibus
481 429 668 479 imposuit
699 429 883 479 venitque
916 428 1093 467 salutifer
1125 427 1240 466 Urbi.

175 495 240 526 745
320 486 392 525 Hic
424 491 553 525 tamen
586 488 751 526 accessit
781 486 956 525 delubris
988 487 1134 525 advena
1165 487 1334 525 nostris:

262 545 403 584 Caesar
434 546 475 584 in
505 544 610 583 Urbe
642 556 711 584 sua
744 544 840 584 deus
873 551 960 584 est.
1000 557 1117 596 quem
1155 544 1277 584 Marte
1317 550 1480 596 togaque

261 604 523 655 Praecipuum
554 615 632 642 non
664 602 764 642 bella
795 605 917 655 magis
949 604 1057 642 [inita
1088 603 1298 655 triumphis

261 662 418 713 Resque
450 661 555 700 domi
585 667 718 713 gestae
749 667 1034 714 properataque
1067 662 1188 714 gloria
1220 673 1353 700 rerum

260 721 304 759 In
336 720 444 759 sidus
475 725 628 759 vertere
661 732 804 760 novum
835 720 1063 772 stellamque
1095 725 1336 772 comantem,

175 788 241 819 750
262 780 385 825 Quam
418 790 489 818 sua
518 780 755 830 progenies.
794 791 922 830 neque
960 781 1063 818 enirn
1095 779 1141 818 de
1180 779 1355 818 Caesaris
1387 779 1481 817 actis

262 837 391 877 Ullum
422 838 547 877 maius
579 850 707 890 opus,
740 849 855 889 quam
893 838 998 889 quod
1033 844 1143 889 pater
1181 838 1309 876 extitit
1340 837 1480 876 huius.

263 896 421 936 Scilicet
452 908 668 947 aequoreos
700 896 788 948 plus
820 902 880 935 est
912 896 1108 935 domuisse
1141 895 1372 947 Britannos,

263 955 417 1006 Perque
448 955 662 1006 papyriferi
693 955 963 1006 semptemssua
995 955 1155 994 flumina
1185 954 1263 993 Nili

263 1013 451 1053 Victrices
484 1015 609 1064 egisse
642 1019 746 1053 rates
765 1045 776 1065 ‚
807 1013 1073 1064 Numidasque
1106 1012 1271 1052 rebelles

178 1081 244 1112 755
265 1072 578 1123 Cinyphiumque
611 1071 745 1111 Iubam
776 1072 1112 1123 Mithridateisque
1144 1077 1359 1111 tumentem

263 1130 493 1170 Nominibus
525 1131 693 1170 Pontum
725 1130 869 1182 populo
901 1131 1088 1170 adiecisse
1122 1130 1300 1183 Quirini,

264 1189 313 1228 Et
343 1189 487 1227 multos
519 1190 710 1228 meruisse
730 1220 741 1241 ‚
773 1189 922 1240 aliquos
955 1191 1080 1240 egisse
1113 1187 1354 1240 triumphos,

265 1248 389 1293 Quam
420 1252 572 1286 tantum
603 1248 785 1298 genuisse
817 1249 944 1286 virum
963 1245 985 1286 ⁸?
1017 1259 1093 1298 quo
1131 1247 1310 1299 praeside
1349 1258 1481 1285 rerum

264 1306 441 1345 Humano
474 1306 637 1357 generi,
669 1307 832 1357 superi,
864 1306 1012 1344 favistis
1044 1305 1219 1344 abunde.

177 1373 244 1404 760
265 1364 320 1403 Ne
353 1364 455 1402 foret
485 1363 548 1402 hic
579 1365 699 1414 igitur
731 1363 885 1402 mortali
917 1365 1065 1403 semine
1098 1370 1253 1416 cretus,

267 1422 330 1461 [lle
362 1422 459 1461 deus
492 1421 692 1460 faciendus
725 1427 835 1460 erat.
876 1422 978 1472 quod
1012 1428 1056 1460 ut
1086 1434 1203 1461 aurea
1234 1422 1329 1461 vidit

265 1482 416 1520 Aeneae
448 1482 625 1531 genetrix
644 1512 655 1532 ,
686 1480 781 1519 vidit
813 1492 968 1531 quoque
1001 1482 1112 1519 triste
1145 1483 1272 1532 parari

264 1539 442 1578 Pontifici
472 1538 593 1577 letum
625 1544 664 1577 et
695 1540 895 1577 coniurata
928 1551 1033 1578 arma
1064 1541 1231 1592 moveri,

265 1597 406 1636 Palluit
437 1603 475 1636 et
507 1598 659 1636 cunetis
677 1628 688 1649 ,
721 1603 765 1636 ut
796 1598 937 1648 cuique
970 1603 1054 1636 erat
1085 1597 1225 1650 obvia,
1257 1597 1353 1637 divis

178 1666 243 1697 765
266 1654 420 1707 ‘Aspice
439 1653 466 1708 ‚'
498 1655 652 1694 dicebat
678 1652 837 1706 ‘quanta
868 1655 962 1694 mihi
994 1655 1094 1695 mole
1125 1662 1314 1708 parentur

265 1714 430 1754 Insidiae
449 1746 461 1767 ‚
493 1720 716 1765 quantaque
749 1720 866 1765 caput
891 1726 980 1753 cum
1012 1714 1148 1753 fraude
1180 1720 1359 1767 petatur,

265 1773 378 1818 Quod
409 1773 458 1812 de
489 1772 680 1812 Dardanio
713 1772 839 1811 solum
870 1772 964 1811 mihi
990 1778 1112 1812 restat
1142 1773 1247 1812 Iulo.

265 1832 405 1870 Solane
438 1843 593 1883 semper
625 1843 692 1870 ero
724 1832 839 1870 iustis
872 1832 1043 1870 exercita
1069 1829 1208 1870 curis?

266 1891 391 1937 Quam
423 1891 537 1929 modo
569 1889 740 1941 Tydidae
773 1889 979 1941 Calydonia
1010 1890 1190 1929 vulneret
1220 1890 1349 1941 hasta,

179 1959 245 1990 770
264 1950 377 1988 Nunc
409 1949 507 1988 male
540 1948 722 1987 defensae
755 1948 995 1987 confundant
1026 1949 1178 1987 moenia
1209 1948 1371 1987 Troiae:

265 2008 372 2054 Quae
404 2007 554 2046 videam
586 2012 720 2046 natum
752 2006 876 2058 longis
908 2006 1109 2045 erroribus
1142 2012 1272 2046 actum

267 2066 482 2117 laetarique
515 2066 615 2104 freto
648 2065 839 2116 sedesque
870 2066 1017 2104 intrare
1049 2065 1256 2117 silentum,

265 2124 446 2176 Bellaque
479 2136 570 2163 cum
600 2123 734 2162 Turno
767 2135 934 2176 gerere,
966 2129 1033 2162 aut
1051 2155 1061 2175 ‚
1098 2125 1132 2162 si
1169 2135 1261 2162 vera
1292 2124 1484 2176 fatemur,

267 2183 362 2222 Cum
396 2182 543 2222 lunone
575 2183 697 2233 magis
716 2179 738 2220 ‘?
769 2182 862 2233 quid
895 2193 999 2221 nunc
1031 2183 1189 2232 antiqua
1221 2181 1408 2221 recordor

180 2250 244 2280 775
267 2241 411 2280 Damna
442 2242 519 2280 mei
550 2241 706 2292 generis
725 2237 747 2279 Ῥ
778 2242 895 2279 timor
926 2240 990 2278 hic
1023 2241 1246 2279 meminisse
1278 2241 1454 2291 priorum

264 2299 350 2337 Non
383 2300 503 2338 sinit.
542 2300 582 2338 in
614 2310 676 2338 me
708 2300 795 2338 acui
827 2298 1038 2338 sceleratos
1070 2299 1231 2337 cernitis
1263 2310 1399 2337 enses.

265 2357 371 2403 Quos
409 2356 615 2409 prohibete
634 2388 645 2410 ‚
681 2368 824 2409 precor
841 2389 852 2410 ‚
885 2357 1113 2408 facin-usque
1151 2355 1356 2408 repellite!
1388 2368 1484 2395 neve
