1554 2563
521 125 627 170 XIII,
656 128 839 161 162—233
854 153 862 161 .
1009 138 1133 162 UleEs
1271 123 1353 166 261

134 234 332 286 Plenaque
366 235 492 275 adhuc
524 242 608 275 erat
638 235 701 274 illa
734 237 855 275 viris.
894 237 1099 276 interritus
1131 237 1193 287 egi

134 292 258 338 Quam
290 294 385 333 mihi
416 294 618 333 mandarat
649 296 867 334 communis
901 294 1062 334 Graecia
1094 306 1275 346 causam,

45 359 114 392 200
134 353 365 403 Accusoque
398 352 515 391 Parin
546 352 809 405 praedamque
840 352 1108 405 Helenamque
1139 365 1328 406 reposco,

133 410 182 449 Et
213 422 349 450 moveo
381 411 580 450 Priamum
610 411 844 463 Priamoque
876 412 1074 451 Antenora
1103 413 1304 451 iunctum.

133 470 182 508 At
213 469 323 509 Paris
356 476 396 509 et
427 471 568 509 fratres
601 476 641 510 et
671 472 739 522 qui
770 469 936 522 rapuere
969 470 1043 510 sub
1074 471 1164 523 illo,

135 527 203 566 Vix
237 535 402 567 tenuere
434 541 573 568 manus
606 550 661 557 --
694 530 771 568 scis
804 529 877 568 hoc
895 561 906 582 ‚
938 529 1140 569 Menelae!
1174 551 1228 557 —

1146 587 1356 627 nefandas:

134 645 341 696 Primaque
374 646 440 686 lux
472 649 598 687 nostri
631 653 761 686 tecum
793 648 867 687 fuit
897 647 960 686 illa
991 646 1150 699 pericli.

44 711 112 743 205
133 703 266 756 Longa
297 706 448 744 referre
481 717 590 744 mora
622 712 682 745 est
714 718 812 757 quae
846 706 1087 757 consilioque
1119 717 1316 757 manuque

133 763 289 802 Utiliter
323 764 397 803 feci
429 766 591 816 spatiosi
622 770 799 817 tempore
832 764 944 804 belli.

133 822 228 862 Post
258 823 362 861 acies
393 824 539 874 primas
571 822 682 862 urhis
714 835 755 862 se
787 823 992 863 moenibus
1024 824 1158 862 hostes

134 880 374 920 Continuere
407 881 473 921 diu
492 914 503 934 ,
535 894 608 921 nec
640 883 765 934 aperti
797 884 908 934 copia
939 882 1075 922 Martis

134 940 217 980 Ulla
249 941 351 979 suit:
383 940 534 979 decimo
569 941 725 980 demum
756 942 1014 992 pugnavimus
1046 953 1170 980 anno.

46 1006 114 1038 210
135 998 237 1045 Quid
269 999 364 1038 facis
395 1000 570 1052 interea,
603 1002 670 1050 qui
701 999 786 1052 nil,
817 1001 892 1038 nisi
923 999 1071 1051 proelia
1089 1030 1101 1052 ,
1132 996 1277 1038 nosti?

134 1058 231 1104 Quis
264 1064 355 1097 tuus
389 1070 484 1097 usus
516 1064 600 1097 erat
619 1056 640 1097 ⁸?
671 1070 760 1098 nam
792 1060 825 1097 si
856 1070 942 1097 mea
974 1058 1074 1097 facta
1106 1058 1301 1109 requiris,

134 1116 323 1156 Hostibus
355 1116 550 1170 insidior,
581 1117 705 1156 fossas
738 1118 954 1156 munimine
987 1118 1125 1169 cingo,

135 1175 324 1214 Consolor
356 1177 484 1214 socios
502 1207 514 1228 ,
545 1181 590 1215 ut
619 1175 726 1227 longi
756 1176 883 1215 taedia
915 1175 1006 1215 belli

133 1234 263 1273 Mente
296 1235 423 1273 ferant
453 1234 633 1286 placida:
665 1234 786 1273 doceo
806 1267 817 1287 ‚
850 1247 927 1286 quo
961 1236 1083 1273 simus
1115 1234 1241 1273 alendi

47 1298 114 1332 215
133 1293 398 1344 Armandique
423 1293 569 1346 modo;
601 1295 736 1332 mittor
754 1325 766 1346 ,
798 1305 876 1345 quo
907 1293 1081 1345 postulat
1112 1305 1208 1332 usus

134 1351 237 1391 Ecce
269 1351 369 1391 Iovis
400 1353 552 1391 monitu
571 1384 582 1404 ,
615 1352 802 1403 deceptus
833 1353 1001 1403 imagine
1034 1353 1186 1403 somni,

134 1410 217 1449 Rex
248 1410 358 1449 iubet
389 1412 537 1462 incepti
568 1423 703 1449 curam
734 1410 932 1449 dimittere
963 1410 1077 1449 belli.

134 1469 201 1508 Ille
233 1475 365 1521 potest
395 1475 554 1508 auctore
588 1481 698 1508 suam
730 1469 942 1507 defendere
973 1481 1131 1507 vocem.

135 1528 222 1567 Non
254 1529 355 1567 sinat
386 1527 460 1566 hoc
492 1528 586 1566 Aiax
605 1559 616 1580 ‚
648 1527 890 1579 delendaque
923 1526 1112 1578 Pergama
1144 1532 1303 1578 poscat,

48 1593 115 1625 220
137 1586 328 1638 Quodque
354 1591 512 1638 potest,
543 1592 720 1638 pugnet.
752 1598 824 1625 cur
850 1598 929 1625 non
954 1590 1176 1625 remoratur
1201 1581 1364 1624 ituros?

137 1645 216 1685 Cur
241 1657 320 1684 non
347 1657 453 1684 arma
480 1647 611 1697 capit,
637 1645 730 1697 dat,
756 1645 861 1696 quod
887 1657 981 1696 vaga
1005 1644 1121 1684 turha
1141 1640 1364 1695 sequatur?

136 1704 223 1744 Non
255 1709 340 1743 erat
369 1703 444 1742 hoc
470 1705 635 1743 nimium
661 1715 875 1755 numquam
899 1705 976 1742 nisi
1001 1715 1139 1754 magna
1164 1703 1363 1754 loquenti.

139 1762 260 1814 [Quid
292 1762 397 1814 quod
429 1768 468 1801 et
499 1764 582 1814 ipse
616 1760 756 1813 sugit?
786 1762 894 1815 vidi,
925 1762 1145 1814 puduitque
1177 1762 1334 1813 videre,

137 1821 236 1861 Cum
267 1827 310 1861 tu
341 1827 450 1872 terga
482 1821 595 1860 dares
627 1821 911 1872 inhonestaque
943 1820 1027 1860 vela
1057 1832 1240 1872 parares.

48 1885 116 1918 225
136 1880 218 1920 Nec
248 1892 386 1933 mora,
418 1877 543 1931 “quid
576 1880 702 1919 facitis
722 1877 743 1919 Ῥ
775 1891 873 1931 quae
905 1891 974 1919 vos
1006 1875 1217 1919 dementia'
1249 1878 1329 1917 dixi

139 1936 332 1978 ‘Concitat
350 1971 361 1991 ,
393 1951 415 1977 o
448 1940 573 1991 socii,
605 1944 757 1990 captam
789 1938 986 1977 dimittere
1018 1934 1211 1977 Troiam?

139 1997 289 2044 Quidve
316 1998 475 2037 domum
502 1998 612 2037 fertis
639 1998 791 2036 decimo
809 2029 821 2050 ‚
854 1998 930 2035 nisi
961 1996 1133 2036 dedecus
1152 2028 1163 2048 ‚
1195 2007 1296 2034 anno
1311 1992 1362 2034 ?''

138 2055 296 2096 Talibus
329 2062 445 2107 atque
478 2056 591 2108 aliis,
621 2057 663 2095 in
696 2068 794 2106 quae
827 2055 937 2094 dolor
968 2056 1052 2107 ipse
1085 2055 1276 2094 disertum

138 2115 330 2166 Fecerat,
362 2127 519 2154 aversos
549 2115 716 2167 profuga
747 2114 795 2153 de
828 2113 950 2153 classe
983 2113 1145 2153 reduxi.

52 2180 120 2213 230
139 2173 337 2213 Convocat
367 2173 523 2212 Atrides
556 2174 684 2212 socios
717 2178 869 2212 terrore
901 2178 1111 2224 paventes:

138 2231 220 2272 Nec
250 2232 546 2271 Telamoniades
578 2233 694 2271 etiam
725 2243 831 2271 nunc
862 2231 1016 2271 hiscere
1049 2232 1257 2282 quicquam

139 2290 267 2330 Audet
287 2322 295 2330 .
315 2297 355 2330 at
385 2303 504 2330 ausus
536 2296 621 2329 erat
652 2302 765 2342 reges
797 2291 996 2329 incessere
1028 2290 1143 2329 dictis

139 2349 342 2389 Thersites
360 2380 372 2402 ‚
405 2351 520 2388 etiam
550 2361 622 2401 per
653 2361 714 2388 me
747 2348 851 2388 haud
881 2350 1040 2401 impune
1060 2380 1072 2403 ‚
1102 2349 1297 2401 protervis
1311 2346 1339 2400 .]
