1554 2563
149 136 176 179 3
183 136 235 178 10
353 146 579 170 armamus
697 133 912 168 METAMM
924 159 933 167 .

270 244 371 291 Quid
405 244 521 295 Styga
540 275 551 297 ‚
583 243 676 294 quid
708 242 890 282 tenebras
928 248 968 282 et
1006 245 1162 282 nomina
1192 255 1288 283 vana
1319 245 1489 296 timetis,

183 312 248 343 155
269 304 472 343 MaterIem
504 309 634 342 vatum
653 334 664 354 ,
696 301 860 353 salsique
891 302 1065 353 pericula
1097 300 1267 342 mundi?

270 362 471 414 Corpora,
503 363 583 400 sive
615 373 735 413 rogus
766 360 948 414 ssamma,
981 372 1051 400 seu
1082 360 1171 400 tabe
1202 366 1376 401 vetustas

268 420 486 460 Abstulerit
503 451 514 472 ,
546 419 647 459 mala
677 431 792 471 posse
824 421 905 471 pati
936 431 1014 458 non
1047 419 1124 458 ulla
1154 421 1324 471 putetis.

269 480 394 518 Morte
427 484 563 518 carent
594 480 775 530 animae;
807 490 1041 529 semperque
1072 479 1205 530 priore
1237 478 1373 518 relicta

273 537 373 577 Sede
406 538 515 576 novis
547 537 727 576 domibus
758 538 894 576 vivunt
924 536 1176 588 habitantque
1209 543 1413 588 receptae.

185 605 251 636 160
272 597 358 648 lpse
379 608 450 648 ego
466 618 520 624 —
535 608 624 635 nam
644 596 804 634 memini
818 616 873 623 —
887 595 1047 634 Troiani
1067 601 1243 647 tempore
1263 595 1355 635 belli
1373 605 1485 631 §.ccx-i.

272 655 506 694 Panthoides
538 653 775 706 Euphorbus
809 666 945 706 eram,
978 656 1042 693 cui
1072 660 1234 705 pectore
1266 654 1461 705 quondam

273 713 405 753 Haesit
434 715 475 753 in
507 713 668 753 adverso
700 714 826 764 gravis
858 712 967 752 hasta
998 714 1161 752 minoris
1192 712 1374 752 Atridae.

274 772 445 824 Cognovi
476 772 649 824 clipeum
666 803 678 824 ‚
707 771 835 810 laevae
869 773 1084 822 gestamina
1115 777 1297 823 nostrae,

271 830 406 883 Nuper
436 830 621 870 Abanteis
652 829 797 881 templo
830 829 989 869 Iunonis
1021 831 1061 868 in
1092 830 1228 881 Argis.

192 898 258 929 165
280 889 419 929 Omnia
451 895 654 929 mutantur
672 920 684 941 ‚
714 888 811 927 nihil
843 890 1005 928 interit.
1044 895 1178 941 errat,
1211 895 1250 927 et
1280 889 1386 928 illinc

273 948 359 987 Huc
390 949 525 1001 venit,
555 948 647 986 hinc
679 946 771 986 illuc
789 979 800 999 ‚
832 953 872 986 et
904 946 1100 998 quoslibet
1130 953 1295 999 occupat
1326 954 1435 987 artus

274 1006 473 1059 Spiritus3
506 1018 606 1058 eque
638 1006 732 1045 feris
763 1005 932 1045 humana
962 1004 1003 1045 in
1034 1018 1199 1057 corpora
1231 1007 1393 1058 transit,

273 1065 395 1116 Inque
428 1066 530 1104 feras
563 1070 727 1117 noster,
759 1076 832 1103 nec
864 1070 1040 1117 tempore
1072 1064 1226 1116 deperit
1257 1064 1356 1104 ullo.

275 1123 402 1175 thue
434 1125 545 1167 novis
576 1123 701 1162 facilis
732 1124 909 1174 signatur
941 1135 1030 1162 cera
1063 1124 1222 1175 figuris,

188 1191 253 1223 170
275 1182 353 1221 Nec
385 1188 517 1221 manet
547 1188 592 1221 ut
622 1183 751 1221 fuerat
769 1213 780 1233 ,
812 1194 884 1221 nec
918 1183 1060 1220 formas
1096 1187 1224 1221 servat
1255 1182 1435 1235 easdem,

276 1240 354 1280 Sed
374 1246 505 1279 tamen
525 1242 609 1292 ipsa
629 1240 765 1279 eadem
784 1246 844 1279 est
863 1254 872 1292 ;
893 1242 1060 1279 animam
1079 1242 1136 1279 sic
1157 1252 1312 1292 semper
1332 1240 1493 1279 eandem

275 1299 372 1338 Esse
391 1331 402 1352 ‚
434 1299 502 1338 sed
534 1301 574 1338 in
605 1300 729 1338 varias
762 1299 883 1337 doceo
916 1301 1084 1350 migrare
1113 1299 1280 1350 figuras.

275 1357 377 1408 Ergo
411 1379 465 1385 —-
498 1369 572 1396 nec
602 1359 726 1409 pietas
759 1358 810 1396 sit
840 1359 942 1396 victa
973 1357 1155 1409 cupidine
1188 1359 1336 1396 ventris
1369 1379 1423 1386 —

275 1416 427 1455 Parcite
446 1447 458 1468 ‚
489 1417 679 1455 vaticinor
697 1447 708 1468 ‚
741 1422 924 1467 cognatas
956 1416 1074 1455 caede
1105 1416 1271 1454 nefanda

190 1483 253 1514 175
275 1474 494 1513 Exturbare
527 1476 704 1527 animas3
736 1486 810 1513 nec
842 1476 1031 1525 sanguine
1063 1476 1221 1526 sanguis
1253 1475 1399 1514 alatur.

274 1533 324 1572 Et
356 1535 539 1584 quoniam
570 1545 709 1584 magno
737 1533 843 1572 feror
874 1545 1043 1584 aequore
1074 1533 1267 1584 plenaque
1299 1535 1425 1573 ventis

276 1591 367 1631 Vela
398 1591 516 1631 dedi:
548 1591 643 1630 nihil
676 1596 736 1630 est
767 1597 849 1630 toto
868 1623 879 1643 ‚
911 1592 1014 1642 quod
1046 1597 1225 1644 perstet,
1255 1593 1296 1630 in
1328 1592 1447 1631 orbe.

276 1649 425 1690 Cuncta
456 1650 613 1702 fluunt,
645 1651 850 1700 omnisque
881 1661 1022 1701 vagans
1054 1650 1246 1689 formatur
1276 1651 1427 1702 imago.

275 1709 362 1760 Ipsa
394 1721 550 1760 quoque
584 1708 739 1748 assiduo
771 1708 957 1747 labuntur
992 1716 1166 1760 tempora
1197 1714 1330 1762 motu,

189 1776 254 1808 180
274 1767 360 1806 Non
393 1779 507 1806 secus
539 1779 584 1806 ac
615 1767 760 1806 flumen
780 1798 789 1806 .
827 1779 955 1818 neque
982 1769 1087 1806 enim
1112 1769 1328 1806 consistere
1350 1768 1494 1807 ssumen

274 1825 355 1865 Nec
386 1825 482 1864 levis
513 1825 608 1864 hora
640 1831 799 1877 potest:
831 1825 900 1864 sed
932 1831 976 1864 ut
1000 1826 1103 1864 unda
1130 1826 1345 1878 impellitur
1370 1826 1496 1878 unda,

274 1884 552 1935 Urgueturque
585 1884 720 1923 eadem
752 1885 913 1923 veniens
944 1891 1163 1935 urguetque
1193 1886 1390 1937 priorem;

273 1942 467 1994 Tempora
499 1944 555 1981 sic
587 1943 742 1994 fugiunt
772 1944 949 1994 pariter,
988 1944 1214 1994 pariterque
1253 1949 1497 1994 sequuntur,
1548 1965 1554 1983 ε

274 2000 324 2040 Et
355 2013 453 2040 nova
485 2007 578 2041 sunt
609 2013 793 2052 semper.
832 2013 920 2040 nam
952 2001 1056 2052 quod
1089 2002 1163 2040 suit
1194 2007 1282 2040 ante
1302 2033 1314 2053 ‚

1200 2060 1381 2099 relictum
1413 2066 1497 2112 est,

193 2126 255 2156 185
276 2117 417 2169 Fitque
450 2117 553 2169 quod
586 2117 689 2157 haud
721 2119 877 2170 fuerat,
910 2123 1183 2169 momentaque
1215 2125 1356 2158 cuncta

1280 2183 1495 2216 novantur.

277 2235 414 2274 Cernis
447 2242 486 2275 et
517 2247 697 2274 emensas
728 2236 768 2274 in
800 2235 928 2274 lucem
959 2233 1120 2274 tendere
1152 2240 1308 2288 noctes,

278 2292 326 2331 Et
356 2293 469 2332 iubar
501 2293 576 2332 hoc
606 2292 775 2332 nitidum
807 2294 942 2344 nigrae
975 2293 1188 2332 succedere
1219 2295 1348 2333 nocti.

275 2350 356 2389 Nec
388 2352 495 2390 color
527 2358 587 2391 est
618 2351 722 2390 idem
754 2351 861 2390 caelo
879 2383 891 2404 ‚
923 2363 1015 2390 cum
1045 2351 1145 2390 lassa
1177 2353 1308 2403 quiete

1538 2089 1554 2400 *·‘;-.'—x;=2—.as.n-ae—=
1551 2072 1554 2077 .
1551 2048 1554 2062 -
1548 2020 1554 2039 ,Α
1549 2005 1554 2013 ,
