1554 2563
174 110 236 145 XX
242 110 327 145 XIV

175 223 342 260 stemma
374 220 483 258 varie
517 219 709 269 traditur,
742 218 811 257 sed
844 218 1005 257 Astraei
1036 218 1133 257 adeo
1166 219 1207 256 et
1237 218 1417 256 Aurorae
1447 229 1515 267 pa-

173 281 306 318 rentes
348 279 529 328 Titanes,
573 277 660 317 Iovi
702 277 811 316 locus
849 288 1061 327 nusquam,
1105 288 1194 327 nec,
1238 276 1272 315 si
1308 276 1431 326 esset,
1474 275 1516 314 id

173 352 210 377 v.
232 339 314 377 286
355 336 622 386 praetermitti
658 336 812 386 debuit3
852 336 984 374 omitti
1021 336 1127 374 certe
1157 334 1331 372 Luciferi
1367 335 1515 373 mentio

173 411 210 436 v.
238 398 320 435 319
366 396 474 434 nullo
519 395 633 434 modo
678 394 820 444 potuit.
881 406 952 432 nec
987 395 1210 443 progenitor
1252 404 1411 431 neeesse
1455 394 1516 431 est

173 456 332 505 longius
365 454 489 493 distet
519 466 543 492 a
573 453 766 503 genitore,
798 465 916 503 quam
947 464 1118 502 proavus
1151 453 1200 490 ab
1228 463 1301 491 avo
1329 453 1400 489 aut
1427 464 1515 501 pro-

173 526 295 564 nepos
329 526 351 551 a
382 513 537 562 nepote.
598 512 800 562 postremo
843 523 969 550 comae
1007 513 1048 549 et
1086 522 1234 549 comare
1266 510 1313 548 de
1354 510 1516 559 ignibus

173 573 367 622 usurpata
399 572 492 611 sunt
523 583 546 609 a
577 570 747 620 Catullo,
779 570 939 620 Seneca,
970 569 1077 619 Silio,
1109 570 1194 619 ipso
1223 568 1375 618 Ovidio,
1406 569 1517 619 puto,

174 640 238 670 xv
260 633 362 681 7493
410 642 503 668 nam
546 642 646 679 quae
686 630 767 668 849
815 630 924 678 sunt,
969 629 1017 667 de
1062 640 1225 667 ascensu
1269 627 1515 678 accipienda3

174 691 324 728 Iulium
353 690 477 738 sidus,
510 688 614 738 quod
644 688 686 726 in
715 689 845 726 numis
878 689 956 737 est,
988 699 1067 726 non
1099 688 1160 725 est
1190 688 1374 725 cometes.

175 746 260 788 366
292 755 525 794 MUCISQUE
557 754 871 785 PALUSTRmus
903 754 1025 784 EXIT.
1074 746 1171 784 haec
1211 746 1274 784 est
1303 745 1517 795 praecipua

175 807 424 856 corruptelae
455 807 496 843 in
526 806 587 844 his
619 805 801 844 versibus
834 805 959 855 sedes,
991 816 1110 854 quam
1135 804 1312 842 codicum
1337 804 1411 841 ME
1444 816 1517 853 ope

176 866 369 915 expedivi.
412 865 656 913 palustribus
693 864 726 901 E
768 866 808 902 et
846 864 948 901 alter
984 863 1223 901 Heinsianus
1268 862 1343 901 soli
1387 874 1516 901 serva-

176 927 286 963 runt:
327 923 527 962 antecedit
557 923 598 960 in
638 923 908 972 interpolatis,
945 922 1067 960 etiam
1098 922 1151 971 E,
1182 922 1375 971 siluisque,
1406 921 1448 959 in
1478 922 1517 958 M

176 985 389 1032 niueisque,
421 981 527 1031 quod
557 982 710 1030 inepte,
742 981 824 1019 fere
856 982 902 1018 ut
932 989 999 1018 Vll
1023 982 1123 1030 190,
1163 980 1231 1018 sed
1263 980 1347 1018 sine
1378 980 1518 1018 fraude

176 1055 247 1092 pro
290 1041 482 1080 vocabulo
530 1040 660 1078 minus
703 1041 797 1077 noto
843 1039 1035 1088 scriptum
1078 1040 1151 1078 est.
1211 1038 1378 1087 pluralis
1422 1038 1517 1077 adeo

176 1100 324 1139 nostris
356 1099 490 1138 lexicis
522 1098 767 1148 incognitus,
809 1099 919 1136 extat
950 1098 1084 1135 autem
1115 1097 1236 1135 etiam
1268 1096 1373 1146 apud
1404 1096 1519 1135 Sene-

177 1172 264 1198 cam
294 1159 388 1196 Nat.
421 1171 484 1207 qu.
517 1165 570 1195 111
593 1158 673 1195 162
707 1158 809 1195 muci
838 1157 1055 1203 salivaeque
1087 1159 1120 1194 et
1151 1156 1342 1194 lacrimae.
1400 1155 1518 1205 lupus

177 1218 303 1268 igitur
340 1217 409 1255 ille
452 1216 576 1254 mucis
616 1217 656 1253 et
693 1215 843 1264 spumis
883 1215 1031 1253 oblitus
1069 1214 1250 1264 emergit.
1301 1215 1520 1263 sequuntur

179 1277 279 1315 duae
321 1275 559 1324 locutiones,
598 1286 766 1323 quarum
803 1274 887 1311 bini
924 1273 1091 1311 ablativi
1133 1273 1320 1321 sanquine
1349 1274 1520 1319 flamma.

178 1335 262 1373 bini
299 1333 514 1373 accusativi
558 1333 676 1371 rictus
719 1333 868 1370 lumina
905 1332 1208 1381 dignoscuntur:
1252 1328 1519 1382 participium,

179 1393 285 1443 quod
316 1392 540 1442 posteriora
571 1391 796 1440 coniungit,
826 1391 1014 1440 suffusus,
1052 1401 1124 1428 nec
1155 1390 1195 1427 in
1225 1389 1425 1438 prioribus
1456 1390 1520 1428 de-

178 1451 318 1501 fuerit,
360 1451 462 1489 latet
491 1450 533 1488 in
564 1450 763 1498 scriptura
793 1450 833 1487 M
872 1452 906 1488 et
941 1460 1118 1497 sparsus,
1157 1460 1275 1498 quae,
1313 1450 1359 1486 ut
1395 1449 1520 1498 potui,

180 1510 352 1560 Vergilii
382 1509 560 1558 exemplo
592 1508 689 1546 Aen.
722 1516 775 1546 ΙΙΙ
797 1509 878 1546 625
913 1507 1111 1546 coniunxi:
1149 1508 1284 1556 itaque
1327 1507 1520 1556 sanguine

178 1570 301 1608 rictus
334 1579 553 1617 exspersos,
585 1567 717 1606 oculos
749 1566 842 1616 igne
875 1566 1044 1605 suffusos
1069 1566 1187 1614 lupus
1215 1565 1400 1604 habuisse
1427 1566 1519 1603 diei-

181 1630 257 1666 tur.
307 1627 527 1676 fulmineos,
571 1626 608 1663 h.
636 1638 667 1664 e.
706 1625 773 1675 qui
808 1625 954 1673 fulmen
990 1625 1032 1662 in
1069 1624 1252 1662 dentibus
1290 1624 1457 1674 habent,
1489 1633 1520 1662 X

184 1687 286 1735 550,
330 1685 482 1734 aliquot
520 1684 675 1722 Heinsii
716 1683 810 1722 libri
847 1683 953 1721 dant.
1074 1679 1158 1721 387
1192 1682 1431 1721 PRAESTET
1462 1691 1522 1721 UT

181 1752 425 1783 AUXILIUM.
485 1742 718 1791 interpolati
755 1743 890 1780 Mz'ttat
931 1744 974 1779 ut
1015 1753 1122 1791 ausa,
1165 1741 1205 1778 M
1248 1741 1392 1779 Euetat
1433 1752 1522 1779 aux.

181 1805 278 1852 puto
310 1803 351 1840 in
383 1801 598 1851 archetypo
630 1801 754 1839 fuisse
785 1800 1059 1849 compendium
1085 1800 1390 1849 praepositionis
1409 1799 1523 1850 Prae,

181 1861 322 1900 deinde
359 1863 394 1899 st
430 1872 598 1909 superne
635 1860 758 1897 litura.
795 1859 1061 1908 absumptum.
1127 1858 1163 1896 P
1200 1858 1345 1897 lineola
1389 1870 1523 1908 super-

181 1920 313 1969 posita
351 1919 520 1957 similius
559 1919 621 1956 est
651 1918 706 1967 E,
745 1929 883 1967 quam,
921 1916 1026 1966 quod
1058 1928 1175 1966 saepe
1206 1929 1277 1965 pro
1310 1928 1357 1955 ea
1385 1917 1524 1955 littera

182 1978 365 2016 habitum
402 1978 481 2027 est,
519 1977 605 2026 Per,
645 1978 715 2014 aut
745 1976 823 2014 Pro
859 1988 930 2024 pro
963 1973 1013 2013 A.
1074 1987 1113 2013 se
1142 1977 1348 2023 praestare
1385 1976 1446 2014 est
1481 1975 1523 2012 in

184 2036 386 2074 Tristibus
425 2044 459 2073 11
488 2036 568 2073 169
622 2043 669 2073 1v
698 2035 874 2072 10104.
1024 2030 1108 2072 529
1153 2041 1351 2072 Novas
1396 2046 1523 2072 emen-

184 2095 276 2133 davi
308 2094 403 2132 olim
434 2093 484 2131 ad
510 2093 630 2130 Trist.
652 2101 668 2130 Ι
689 2094 711 2130 2
741 2094 810 2143 49,
843 2104 863 2130 e
895 2105 971 2141 quo
998 2091 1170 2130 carmine
1195 2104 1273 2130 non
1299 2104 1424 2141 pauca
1448 2093 1524 2130 huc

184 2153 440 2190 transtulisse
483 2151 790 2200 interpolatores
834 2150 1020 2188 credibile
1064 2152 1135 2188 est.
1286 2147 1370 2188 697
1411 2159 1525 2189 MUL-

185 2219 282 2249 TUM
314 2218 420 2249 FUIT
453 2218 606 2248 UTILE.
657 2210 718 2248 est
747 2210 845 2247 haec
875 2209 916 2246 M
948 2208 1144 2257 scriptura
1174 2208 1319 2246 iniuria
1342 2209 1525 2259 neglecta

187 2269 236 2308 ab
269 2268 622 2317 interpolatoribus
656 2269 696 2306 et
726 2267 885 2306 criticis.
934 2275 982 2305 IV
1005 2268 1105 2306 155:
1133 2265 1164 2305 Ο
1194 2267 1355 2305 multum
1385 2269 1525 2306 miseri.

336 2323 569 2365 711-714
611 2326 828 2364 indicatum
867 2325 977 2365 volui
1014 2324 1158 2374 duplex
1195 2325 1526 2376 supplementum,
