1554 2563
125 110 180 152 48
353 123 489 145 cunnus
670 109 885 144 METAMM
902 137 910 145 .

243 221 309 260 Ille
342 220 476 259 dolore
509 220 620 259 ferox
654 225 771 272 caput
801 221 841 258 in
873 231 943 259 sua
974 225 1084 271 terga
1115 220 1301 272 retorsit,

243 279 490 330 Vulneraque
523 279 702 331 aspexit,
734 279 934 330 fixumque
966 277 1106 318 hastile
1137 277 1371 331 momordit,

181 346 224 377 ἰο
245 338 366 390 quue
398 337 467 377 ubi
497 339 535 376 vi
566 337 688 376 multa
718 343 871 389 partem
902 335 1085 376 labefecit
1114 338 1155 376 in
1187 348 1366 388 omnem,

243 396 314 435 Vix
345 401 456 448 tergo
488 397 662 448 eripuit:
694 396 844 435 ferrum
874 401 1006 435 tamen
1037 395 1192 435 ossibus
1223 395 1370 435 haesit.

243 456 344 494 Tum
375 466 467 494 vero
499 460 706 506 postquam
738 454 871 494 solitas
902 455 1069 494 accessit
1099 454 1146 493 ad
1176 455 1257 494 iras

246 514 371 553 Causa
401 525 542 553 recens
560 545 572 566 ,
602 512 729 565 plenis
761 518 993 553 tumuerunt
1024 518 1185 564 guttura
1215 513 1349 565 venis,

245 572 470 625 Spumaque
502 572 712 624 pestiferos
745 571 984 611 circumfluit
1015 571 1141 611 albida
1171 572 1320 624 rictus,

182 639 224 670 75
244 630 447 683 Terraque
478 643 566 670 rasa
598 636 711 670 sonat
741 632 937 683 squamis,
970 631 1116 682 quique
1147 629 1291 669 halitus
1323 630 1404 669 exit

244 689 323 729 Ore
355 692 468 740 niger
501 689 659 742 Stygio,
690 690 843 728 vitiatas
874 689 999 728 inficit
1029 700 1168 728 auras.

243 749 332 800 Ipse
363 748 477 788 modo
509 749 732 787 inmensum
764 749 881 799 spiris
913 747 1146 787 facientibus
1179 746 1315 786 orbem

245 807 423 858 Cingitur
441 839 453 859 ,
483 806 683 846 interdum
715 806 828 858 longa
859 805 969 845 trabe
1001 808 1148 846 rectior
1180 811 1308 858 extat,

244 866 393 918 Impete
425 877 531 905 nunc
562 871 671 904 vasto
703 877 776 904 ceu
808 867 986 905 concitus
1017 864 1210 904 imbribus
1243 864 1367 904 amnis

184 933 228 965 80
249 924 392 964 Fertur
425 930 465 963 et
495 923 696 964 obstantes
727 923 936 975 proturbat
965 928 1127 975 pectore
1159 922 1297 962 silvas.

245 983 357 1022 Cedit
386 982 627 1035 Agenorides
657 982 846 1035 paulum,
878 982 1081 1034 spolioque
1112 982 1237 1021 leonis

245 1042 424 1081 Sustinet
453 1043 639 1081 incursus
657 1072 668 1093 ,
699 1042 964 1092 instantiaque
995 1053 1063 1079 ora
1088 1040 1263 1080 retardat

245 1100 415 1152 Cuspide
446 1105 679 1151 praetenta.
719 1101 814 1139 furit
845 1099 908 1139 ille
942 1105 982 1139 et
1012 1101 1142 1139 inania
1172 1099 1273 1139 duro

243 1158 413 1198 Vulnera
444 1158 510 1197 dat
540 1159 645 1197 ferro
663 1190 675 1211 ,
705 1159 866 1209 figitque
898 1160 938 1197 in
969 1160 1148 1198 acumine
1181 1158 1343 1211 dentes,

180 1217 403 1268 solamque
435 1217 662 1257 venenifero
694 1218 852 1268 sanguis
884 1229 1041 1256 manare
1072 1217 1200 1269 palato

245 1276 437 1328 Coeperat
469 1281 508 1315 et
538 1275 682 1314 virides
715 1276 920 1327 aspergine
953 1277 1123 1315 tinxerat
1153 1275 1319 1316 herbas:

246 1334 323 1374 Sed
354 1334 437 1374 leve
470 1334 611 1373 vulnus
643 1340 755 1387 erat,
787 1336 878 1385 quia
910 1346 950 1373 se
983 1333 1209 1374 retrahebat
1239 1334 1286 1373 ab
1317 1335 1399 1374 ictu

243 1393 442 1444 Laesaque
475 1393 573 1432 colla
604 1392 719 1432 dabat
750 1399 857 1432 retro
877 1424 888 1445 ‚
918 1392 1149 1444 plagamque
1182 1392 1320 1432 sedere

244 1451 427 1491 Cedendo
459 1451 646 1503 arcebat,
677 1463 750 1490 nec
781 1451 935 1502 longius
966 1453 1024 1491 ire
1056 1451 1232 1491 sinebat:

180 1520 225 1552 90
244 1510 377 1550 Donec
408 1509 649 1561 Agenorides
682 1511 905 1549 coniectum
935 1512 976 1550 in
1008 1516 1168 1561 gutture
1201 1510 1351 1550 ferrum

244 1568 377 1621 Usque
410 1580 581 1619 sequens
612 1569 787 1620 pressit,
819 1569 912 1608 dum
943 1574 1051 1608 retro
1084 1580 1255 1620 quercus
1287 1570 1398 1608 eunti

244 1627 436 1680 Obstitit,
467 1633 508 1666 et
538 1627 611 1666 fixa
643 1633 705 1666 est
734 1628 883 1679 pariter
916 1639 1006 1667 cum
1036 1626 1179 1667 robore
1213 1630 1365 1667 cerviX.

242 1686 422 1725 Pondere
457 1687 652 1737 serpentis
685 1691 844 1725 curvata
876 1691 937 1725 est
967 1685 1085 1725 arbor
1102 1717 1114 1739 ‚
1145 1691 1185 1725 et
1215 1688 1316 1725 imae

242 1744 359 1784 Parte
390 1744 575 1795 flagellari
607 1745 756 1795 gemuit
786 1756 856 1783 sua
886 1743 1029 1783 robora
1062 1744 1229 1784 caudae.

178 1811 222 1843 95
242 1802 343 1842 Dum
375 1804 545 1853 spatium
576 1803 701 1841 victor
731 1804 825 1842 victi
855 1802 1079 1842 considerat
1109 1803 1258 1856 hostis,

243 1860 325 1900 Vox
359 1860 489 1900 subito
522 1860 653 1900 audita
685 1867 773 1913 est;
805 1872 934 1912 neque
966 1867 1051 1900 erat
1082 1873 1320 1913 cognoscere

1538 600 1543 647 ἐ

1536 693 1546 810 ἱ,

1218 1925 1444 1974 promptum
1457 1951 1468 1973 ‚
1534 1895 1539 1910 ἶ

241 1978 353 2018 Unde
371 2010 384 2031 ‚
415 1977 483 2017 sed
516 1977 645 2017 audita
677 1984 766 2031 est,
798 1975 907 2029 ‘quid
926 2010 937 2031 ‚
963 1978 1140 2030 Agenore
1173 1985 1262 2018 nate
1280 2011 1292 2033 ‚

1212 2043 1462 2091 peremptum

244 2095 479 2148 Serpentem
510 2101 664 2147 spectas
683 2092 706 2134 Ῥ
736 2100 776 2134 et
806 2100 850 2135 tu
882 2094 1114 2147 spectabere
1146 2108 1311 2148 serpens
1325 2093 1351 2136 .'

244 2153 310 2193 Ille
343 2155 410 2193 diu
441 2154 605 2206 pavidus
636 2155 784 2205 pariter
815 2165 906 2193 cum
937 2160 1068 2194 mente
1101 2154 1274 2195 colorem

157 2220 222 2252 100
242 2212 502 2265 Perdiderat,
534 2212 740 2264 gelidoque
773 2224 905 2252 comae
937 2218 1091 2253 terrore
1123 2213 1324 2265 rigebant.

241 2270 344 2309 Ecce
375 2272 449 2310 viri
480 2271 624 2310 fautrix
656 2283 818 2323 superas
851 2271 1006 2322 delapsa
1036 2283 1108 2323 per
1139 2284 1255 2311 auras

242 2328 366 2368 Pallas
387 2328 495 2369 adest
514 2361 524 2383 ,
555 2335 761 2381 motaeque
781 2328 890 2370 iubet
909 2328 1132 2381 subponere
1152 2336 1281 2370 terrae
1311 2339 1341 2367 t.
1362 2339 1460 2365 xxvit-

1489 2372 1545 2452 ⁴?

1533 2494 1544 2563 i
