1554 2563
605 114 620 148 I
638 141 646 157 ‚
675 117 860 148 326-399
878 140 884 147 .
1020 124 1215 147 nnncamou
1357 111 1403 151 11

189 222 220 263 0
252 225 401 262 utinam
432 235 589 274 possem
619 222 784 275 populos
815 235 999 274 reparare
1030 222 1204 274 paternis

189 281 348 321 Artibus
379 287 496 333 atque
528 283 674 320 animas
706 282 892 320 formatae
923 281 1132 320 infundere
1164 278 1315 319 terrae!

101 347 168 378 365
191 340 303 379 Nunc
335 351 459 391 genus
490 341 531 379 in
564 340 676 379 nobis
708 347 830 379 restat
861 340 1024 379 mortale
1056 338 1234 390 du<obus3

190 398 253 437 Sic
269 400 393 438 visum
409 403 469 438 est
482 401 660 450 superis:
680 399 961 450 hominumque
982 398 1157 450 exempla
1171 408 1372 436 manemus
1387 391 1412 434 .'

189 456 347 496 Dixerat
365 489 376 510 ‚
407 463 447 496 et
477 457 650 497 flebant.
682 458 829 509 placuit
859 457 1026 496 caeleste
1059 458 1212 508 precari

187 515 370 569 Numen,
403 521 442 556 et
473 516 659 555 auxilium
690 528 762 568 per
793 528 924 555 sacras
956 528 1146 566 quaerere
1178 519 1328 553 sortes.

187 574 301 613 Nulla
332 586 442 613 mora
474 581 563 626 est,
595 575 741 614 adeunt
771 576 920 627 pariter
953 574 1179 626 Cephisidas
1206 572 1353 624 undas,

99 640 168 673 870
187 632 240 672 Ut
270 633 443 672 nondum
476 633 642 684 liquidas
661 666 672 685 ‚
698 635 754 673 sic
786 636 862 673 iam
893 633 988 672 vada
1020 640 1110 672 nota
1143 636 1344 671 secantes.

188 691 282 730 Inde
315 691 382 730 ubi
413 691 554 731 libatos
586 694 813 731 inroravere
844 692 1018 743 liquores

187 749 370 789 Vestibus
402 756 442 790 et
473 752 620 803 capiti,
650 751 815 790 ssectunt
845 753 1007 802 vestigia
1039 756 1194 789 sanctae

187 809 243 848 Ad
278 808 439 848 delubra
471 809 566 848 deae
585 841 597 862 ‚
629 822 797 861 quorum
830 811 981 862 fastigia
1013 811 1121 861 turpi

187 867 388 907 Pallebant
418 880 554 907 musco
586 868 818 920 stabantque
850 870 934 908 sine
965 868 1122 919 ignibus
1154 880 1266 907 arae.

100 934 168 966 375
190 926 240 966 Ut
271 927 406 978 templi
438 928 605 978 tetigere
637 927 781 978 gradus
800 960 811 980 ‚
842 927 1068 979 procumbit
1098 932 1267 977 uterque

188 985 343 1025 Pronus
375 986 513 1038 humi,
546 986 752 1038 gelidoque
784 999 930 1038 pavens
963 985 1071 1024 dedit
1101 984 1234 1024 oscula
1265 996 1384 1023 saxo.

188 1045 315 1095 Atque
347 1046 400 1083 ita
434 1042 482 1083 tsi
513 1042 713 1096 precibus'
745 1045 930 1084 dixerunt
961 1042 1136 1083 ‘numina
1168 1044 1285 1082 iustis

189 1102 298 1142 Victa
330 1103 611 1142 remollescunt
630 1135 641 1156 ,
673 1105 706 1142 si
737 1103 909 1143 flectitur
940 1104 998 1142 ira
1030 1103 1219 1154 deorum,

188 1161 258 1200 Dic
277 1194 288 1214 ,
318 1161 486 1215 Themi,
519 1174 594 1213 qua
634 1165 790 1214 generis
822 1162 1007 1201 damnum
1039 1160 1257 1212 reparabile
1289 1160 1415 1199 nostri

101 1227 169 1260 380
189 1222 281 1259 Arte
315 1221 394 1273 sit,
427 1227 465 1259 et
496 1223 636 1260 mersis
668 1222 728 1260 ser
760 1233 904 1274 opem,
935 1221 1170 1272 mitissima,
1201 1218 1321 1258 rebus
1336 1215 1361 1258 .’

188 1279 290 1318 Mota
322 1278 393 1318 dea
425 1285 485 1318 est
516 1286 742 1331 sortemque
774 1279 910 1331 dedit,
942 1276 1147 1317 ‘discedite
1179 1277 1350 1329 templo,

188 1337 238 1376 Et
268 1337 393 1377 velate
425 1344 570 1391 caput,
603 1340 829 1390 cinctasque
862 1337 1045 1377 resolvite
1077 1343 1232 1388 vestes,

189 1396 365 1448 Ossaque
397 1402 487 1448 post
508 1402 672 1449 ,tergum
703 1409 866 1449 magnae
897 1398 1038 1436 iactate
1069 1396 1245 1447 parentis
1259 1390 1284 1434 .’

189 1454 426 1507 Obstipuere
458 1455 550 1508 diu,
581 1457 808 1508 rumpitque
839 1455 994 1495 silentia
1024 1466 1120 1494 voce
1147 1485 1150 1488 .

101 1521 169 1554 385
189 1513 339 1565 Pyrrha
370 1515 479 1565 prior
498 1546 508 1566 ,
538 1516 735 1565 iussisque
768 1514 864 1553 deae
894 1525 1036 1566 parere
1066 1518 1250 1564 recusat,

189 1572 340 1623 Detque
374 1572 448 1611 sibi
479 1575 660 1625 veniam,
691 1573 829 1624 pavido
861 1579 973 1623 rogat
1004 1583 1072 1610 ore
1091 1603 1102 1623 ‚
1134 1576 1325 1622 pavetque

189 1630 361 1670 Laedere
393 1632 545 1670 iactatis
577 1638 773 1670 maternas
804 1630 959 1670 ossibus
990 1629 1173 1670 umbras.

190 1690 346 1729 Interea
377 1696 565 1741 repetunt
596 1692 723 1729 caecis
756 1689 924 1729 obscura
954 1688 1114 1728 latebris

189 1748 315 1787 Verba
347 1748 458 1788 datae
490 1751 609 1788 sortis
641 1760 776 1788 secum
794 1781 805 1801 ,
836 1750 941 1787 inter
972 1759 1094 1799 seque
1126 1746 1327 1786 volutant:

56 1846 59 1847 γ
102 1815 170 1847 390
191 1807 301 1846 Unde
333 1807 606 1847 Promethides
638 1807 799 1859 placidis
831 1806 1076 1858 Epimethida
1111 1805 1226 1844 dictis

190 1866 335 1905 Mulcet
366 1872 405 1905 et
437 1864 518 1906 ‘aut
549 1863 678 1905 fallax'
711 1868 765 1906 ait
796 1863 872 1905 ‘est
903 1865 1075 1904 sollertia
1107 1863 1245 1915 nobis,

191 1926 268 1964 Aut
298 1927 362 1976 pia
393 1931 485 1964 sunt
517 1925 746 1976 nullumque
779 1925 888 1963 nefas
921 1923 1078 1962 oracula
1109 1922 1297 1961 suadent.

190 1984 326 2035 Magna
357 1995 500 2035 parens
531 1990 638 2023 terra
669 1990 758 2023 est:
789 1983 937 2035 lapides
968 1984 1008 2021 in
1041 1993 1207 2032 corpore
1239 1986 1368 2020 terrae

191 2043 289 2082 Ossa
320 2054 412 2081 reor
443 2043 549 2082 dici:
580 2044 708 2082 iacere
740 2042 812 2080 hos
842 2047 932 2093 post
964 2046 1074 2091 terga
1105 2039 1289 2078 iubemur
1302 2035 1328 2078 .’

102 2108 170 2140 895
193 2101 377 2152 Coniugis
409 2102 572 2152 augurio
606 2113 841 2152 quamquam
866 2100 1019 2138 Titania
1051 2104 1155 2137 mota
1187 2104 1269 2151 est,

192 2160 290 2212 Spes
316 2166 446 2199 tamen
478 2161 518 2198 in
551 2159 670 2199 dubio
703 2166 792 2199 est:
824 2159 919 2198 adeo
953 2156 1188 2196 caelestibus
1221 2156 1333 2195 ambo

191 2218 381 2258 Diffidunt
411 2219 599 2258 monitis.
632 2218 700 2257 sed
734 2217 827 2269 quid
860 2223 1052 2268 temptare
1083 2213 1276 2255 nocebit?

190 2276 445 2317 Descendunt
476 2277 682 2329 velantque
715 2283 832 2329 caput
862 2277 1095 2327 tunicasque
1126 2276 1336 2326 recingunt

191 2335 241 2376 Et
271 2337 400 2375 iussos
426 2335 573 2387 lapides
606 2348 676 2375 sua
705 2340 796 2387 post
826 2335 989 2385 vestigia
1019 2335 1205 2374 mittunt.
