1554 2563
561 124 611 158 1V
632 152 641 168 ,
668 127 852 159 355—-428
867 150 876 159 .
1008 135 1197 158 mxu-:mss
1337 122 1389 163 77

169 235 436 287 Obstrepuere
469 236 575 274 sonis
593 266 605 287 ,
636 241 676 274 et
707 234 858 274 adunco
891 235 982 275 tibia
1009 247 1133 275 cornu

168 295 413 345 Tinnulaque
435 307 523 333 aera
544 300 685 333 sonant
698 325 706 332 .
726 294 906 333 redolent
926 307 1161 345 murraeque
1182 295 1390 346 crocique:

169 354 324 405 Resque
357 353 432 392 fide
464 354 616 405 maior,
649 365 815 404 coepere
847 354 1041 392 virescere
1074 353 1173 392 telae
1193 385 1204 406 ,

80 421 147 453 895
168 413 290 464 Inque
322 412 490 451 hederae
522 412 661 450 faciem
692 411 868 463 pendens
901 412 1152 451 frondescere
1183 414 1325 452 vestis,

168 472 263 510 Pars
296 470 375 510 abit
406 473 445 510 in
478 472 606 523 vites,
638 476 677 510 et
709 483 807 521 quae
840 470 954 509 modo
988 471 1048 509 fila
1082 471 1265 523 fuerunt,

168 530 329 570 Palmite
363 535 564 568 mutantur
584 561 592 569 .
631 529 679 568 de
712 531 876 568 stamine
909 531 1116 581 pampinus
1143 532 1244 570 exit:

167 589 349 641 Purpura
382 589 574 640 fulgorem
606 590 722 640 pictis
755 589 1020 627 accommodat
1052 591 1166 629 uvis.

168 648 326 699 lamque
359 647 442 687 dies
475 654 634 686 exactus
667 653 780 700 erat,
811 654 1045 698 tempusque
1078 647 1262 699 subibat,

81 715 148 747 400
169 706 282 753 Quod
314 713 356 746 tu
390 718 463 745 nec
495 706 677 745 tenebras
710 718 782 745 nec
813 708 940 757 possis
973 706 1102 745 dicere
1135 707 1285 758 lucem,

169 765 245 805 Sed
278 778 368 805 cum
399 765 486 804 luce
519 772 648 804 tamen
680 764 819 804 dubiae
852 766 1018 804 confinia
1050 767 1198 804 noctis.

168 825 287 864 Tecta
319 830 481 876 repente
515 825 651 875 quati,
682 826 927 875 pinguesque
960 824 1097 863 ardere
1129 823 1310 863 videntur

169 883 382 935 Lampades
414 889 455 922 et
484 883 613 922 rutilis
646 882 840 922 collucere
873 882 1028 933 ignibus
1060 882 1200 935 aedes,

168 942 358 993 Falsaque
391 954 594 981 saevarum
626 942 832 980 simulacra
864 941 1015 980 ululare
1048 942 1243 980 ferarum.

80 1009 147 1042 405
168 1001 331 1041 Fumida
362 1001 576 1040 iandudum
608 1000 761 1039 latitant
791 1013 862 1052 per
893 1006 995 1039 tecta
1028 1012 1209 1052 sorores,

168 1060 430 1111 Diversaeque
463 1060 558 1098 locis
589 1061 700 1110 ignes
732 1071 776 1098 ac
807 1059 953 1097 lumina
986 1061 1130 1098 vitant.
1259 1067 1291 1093 ι.
1312 1066 1394 1092 xtvi.

169 1119 347 1170 Dumque
378 1124 519 1170 petunt
549 1118 717 1157 latebras
736 1150 747 1170 ,
778 1130 917 1169 parvos
950 1117 1175 1156 membrana
1195 1130 1265 1169 per
1286 1125 1393 1157 artus

168 1178 419 1230 Porrigitur,
450 1179 637 1228 tenuique
669 1176 834 1215 includit
865 1175 1045 1215 bracchia
1079 1179 1218 1227 pinna.

168 1237 249 1276 Nec
281 1248 357 1288 qua
388 1236 632 1287 perdiderint
665 1241 836 1274 veterem
868 1237 1017 1274 ratione
1052 1236 1238 1288 figuram,

82 1305 149 1336 410
170 1295 280 1335 Scire
313 1296 447 1334 sinunt
478 1294 693 1334 tenebrae.
730 1306 809 1333 non
840 1293 924 1333 illas
958 1294 1087 1345 pluma
1118 1294 1276 1345 levavit3

171 1354 404 1394 Sustinuere
433 1360 563 1393 tamen
596 1365 637 1392 se
670 1352 966 1404 perlucentibus
998 1353 1092 1392 alis.

169 1413 416 1464 Conataeque
447 1412 584 1464 loqui,
615 1413 815 1450 minimam
846 1424 917 1463 pro
950 1423 1116 1463 corpore
1147 1423 1281 1450 vocem

169 1471 393 1524 Emittunt,
424 1477 696 1523 peraguntque
727 1471 832 1509 leves
863 1470 1032 1509 stridore
1065 1470 1281 1520 querellas.

169 1531 367 1581 Tectaque
386 1561 397 1581 ,
428 1541 508 1568 non
540 1529 654 1568 silvas
686 1528 913 1568 celebrant.
952 1528 1158 1578 lucemque
1190 1539 1353 1579 perosae

82 1597 150 1629 415
170 1589 292 1628 Nocte
324 1588 483 1640 volant,
514 1600 682 1638 seroque
714 1587 876 1626 trahunt
907 1599 928 1625 a
959 1599 1121 1638 vespere
1155 1598 1319 1625 nomen.

228 1647 330 1686 Tum
362 1658 453 1686 vero
487 1648 578 1686 totis
609 1645 751 1685 Bacchi
783 1644 1033 1684 memorabile
1066 1645 1210 1683 Thebis

170 1706 324 1746 Numen
356 1711 469 1758 erat,
500 1717 737 1756 magnasque
769 1706 860 1743 novi
891 1710 1100 1742 matertera
1132 1705 1234 1742 vires

169 1765 310 1804 Narrat
341 1764 486 1815 ubique
521 1764 612 1817 dei,
644 1763 691 1802 de
724 1769 860 1814 totque
890 1762 1094 1801 sororibus
1127 1773 1267 1813 expers

170 1823 253 1863 Una
286 1823 430 1862 doloris
463 1829 546 1862 erat
564 1855 574 1874 ,
606 1824 681 1861 nisi
714 1834 830 1873 quem
862 1821 992 1860 fecere
1024 1833 1204 1859 sorores.

84 1891 151 1923 420
170 1884 320 1934 Aspicit
350 1882 450 1920 hanc
468 1913 479 1934 ,
511 1883 611 1921 natis
643 1880 889 1931 thalamoque
910 1880 1151 1918 Athamantis
1182 1878 1393 1918 habentem

174 1941 369 1980 Sublimes
401 1942 550 1979 animos
582 1945 622 1978 et
652 1939 808 1978 alumno
840 1940 999 1977 numine
1019 1970 1030 1990 ,
1064 1938 1183 1989 luno,

173 2000 252 2039 Nec
285 1999 402 2051 tulit,
434 2006 473 2037 et
504 2011 638 2037 secum
671 1995 814 2049 ‘potuit
845 1997 891 2035 de
925 1996 1070 2047 paelice
1103 2002 1216 2034 natus

171 2058 333 2097 Vertere
365 2057 561 2096 Maeonios
592 2057 807 2108 pelagoque
840 2057 1060 2105 inmergere
1093 2060 1229 2092 nautas
1249 2085 1259 2105 ‚

171 2116 221 2155 Et
251 2116 455 2155 laceranda
487 2127 578 2154 suae
612 2116 692 2154 nati
724 2114 815 2153 dare
848 2116 996 2152 viscera
1029 2114 1168 2165 matri,

86 2184 152 2215 425
172 2175 222 2214 Et
253 2175 427 2226 triplices
458 2175 614 2226 operire
646 2175 756 2212 novis
788 2172 1000 2223 Minyeidas
1033 2171 1127 2210 alis:

172 2233 233 2272 Nil
265 2235 409 2285 poterit
440 2232 536 2271 Iuno
568 2233 644 2270 nisi
675 2231 821 2271 inultos
853 2231 947 2269 ssere
980 2226 1171 2268 dolores?

171 2292 292 2343 quue
324 2291 419 2330 mihi
450 2292 543 2330 satis
576 2287 675 2329 est‘?
706 2290 801 2328 haec
833 2300 909 2327 una
942 2290 1114 2339 potentia
1136 2293 1270 2326 nostra
1302 2282 1397 2325 est?

172 2350 258 2402 Ipse
291 2349 434 2401 docet,
466 2348 558 2400 quid
591 2360 729 2399 agam:
762 2347 817 2386 fas
849 2353 911 2386 est
941 2352 981 2385 et
1013 2346 1060 2384 ab
1092 2345 1204 2384 hoste
1238 2345 1396 2385 doceri:
