1554 2563
138 93 221 135 16¹2
361 106 547 130 usu-monn
692 93 760 128 ME
765 93 907 129 TAMM
918 120 927 129 .

253 203 439 243 Protinus
471 204 628 243 exuvias
647 235 658 255 ‚
689 203 824 254 rigidis
856 203 1058 242 horrentia
1088 204 1206 243 saetis

253 261 378 313 Terga
410 261 475 301 dat
506 267 546 301 et
576 263 726 314 magnis
756 263 924 313 insignia
954 261 1138 301 dentibus
1168 274 1262 301 ora.

167 329 234 360 430
255 319 312 359 Illi
343 320 511 359 laetitiae
543 326 604 360 est
636 332 727 360 cum
759 332 922 360 munere
954 321 1131 360 muneris
1162 326 1327 360 auctor.

255 378 431 418 invidere
463 379 555 418 alii:
586 384 748 431 totoque
781 385 864 419 erat
895 380 1048 430 agmine
1079 390 1281 418 murmur.

254 436 285 476 E
317 437 460 489 quibus
492 439 642 489 ingenti
672 437 879 477 tendentes
910 437 1092 477 bracchia
1123 449 1217 476 voce

255 493 378 535 ‘Pone
409 508 479 548 age
497 528 509 550 ,
540 509 613 536 nec
650 496 785 536 titulos
822 498 1014 548 intercipe
1032 527 1044 548 ,
1075 496 1219 535 semina
1236 527 1248 548 ‚
1280 501 1461 548 nostros,

254 554 485 594 Thestiadae
518 554 687 595 clamant
718 552 806 594 ‘nec
838 562 877 594 te
909 555 1050 594 fiducia
1082 555 1230 594 formae

169 620 235 652 435
256 612 460 666 Decipiat‚
492 626 541 653 ne
574 615 625 653 sit
655 614 768 665 longe
800 613 870 652 tihi
902 619 1038 665 captus
1064 624 1196 652 amore

255 669 418 711 Auctor'
451 677 491 712 et
520 672 612 712 huic
644 672 822 711 adimunt
851 684 1024 725 munus,
1054 673 1116 711 ius
1148 672 1324 710 muneris
1356 670 1434 710 illi.

256 730 341 769 Non
373 731 492 784 tulit,
524 737 563 770 et
593 731 741 770 tumida
772 730 957 770 frendens
989 730 1200 769 Mavortius
1232 731 1290 768 ira

257 786 418 829 ‘Discite
437 822 448 842 ‚
479 795 657 842 raptores
690 786 821 829 alieni'
853 789 950 828 dixit
981 786 1180 841 ‘honoris‚

256 847 372 887 Facta
403 850 518 887 minis
551 853 739 899 quantum
771 845 932 887 distent'
963 847 1172 899 hausitque
1203 846 1370 886 nefando

170 913 237 945 440
257 906 422 946 Pectora
453 907 660 960 Plexippi,
692 906 746 946 nil
778 907 853 946 tale
885 908 1091 959 timentia,
1123 906 1254 945 ferro.

257 964 387 1004 Toxea
405 998 416 1019 ‚
448 966 541 1016 quid
574 966 717 1018 faciat,
749 965 941 1017 dubium,
971 966 1197 1017 pariterque
1229 963 1424 1004 volentem

258 1023 403 1063 Ulcisci
434 1024 596 1063 fratrem
628 1025 878 1075 fraternaque
909 1024 987 1063 fata
1018 1025 1220 1063 timentem

257 1081 369 1121 Haud
400 1084 548 1134 patitur
579 1082 757 1122 dubitare
790 1083 887 1134 diu,
919 1081 1165 1133 calidumque
1197 1083 1344 1134 prioris

259 1140 384 1180 Caede
416 1141 616 1180 recalfecit
646 1143 820 1180 consorti
851 1142 1039 1192 sanguine
1070 1140 1215 1180 telum.

171 1207 238 1237 445
318 1198 426 1238 Dona
457 1200 574 1239 deum
606 1200 760 1251 templis
793 1206 882 1239 nato
914 1201 1061 1238 victore
1094 1199 1268 1252 ferebat,

259 1257 358 1296 Cum
389 1257 494 1297 videt
525 1259 719 1297 extinctos
751 1259 893 1297 fratres
924 1257 1084 1297 Althaea
1115 1258 1279 1297 referri.

259 1315 366 1362 Quae
398 1316 585 1368 plangore
617 1316 706 1355 dato
739 1318 898 1356 maestis
931 1315 1167 1355 clamoribus
1198 1315 1337 1355 urbem

260 1374 427 1427 Implet,
459 1382 499 1414 et
530 1376 676 1414 auratis
708 1376 871 1414 mutavit
901 1374 1075 1414 vestibus
1106 1380 1232 1414 atras:

259 1433 309 1472 At
338 1433 454 1472 simul
486 1439 546 1472 est
577 1438 714 1472 auctor
744 1435 853 1473 necis
884 1433 1012 1472 editus
1031 1465 1042 1486 ,
1073 1432 1218 1472 excidit
1248 1434 1374 1472 omnis

172 1500 239 1530 450
259 1490 407 1531 Luctus
425 1523 436 1545 ,
469 1498 508 1532 et
537 1504 559 1531 a
590 1491 760 1531 lacrimis
791 1493 832 1530 in
863 1503 1011 1543 poenae
1042 1503 1180 1531 versus
1201 1503 1372 1531 amorem
1393 1497 1476 1531 est.

261 1549 391 1601 Stipes
423 1556 536 1603 erat,
568 1562 714 1603 quem,
746 1562 836 1589 cum
867 1556 1003 1601 partus
1034 1551 1147 1589 enixa
1177 1551 1324 1590 iaceret

260 1608 470 1662 Thestias,
500 1610 541 1648 in
572 1609 765 1648 flammam
796 1609 971 1660 triplices
1002 1620 1172 1660 posuere
1204 1620 1386 1661 sorores;

262 1667 514 1719 Staminaque
545 1669 726 1719 inpresso
757 1667 884 1706 fatalia
916 1667 1056 1718 pollice
1088 1673 1227 1706 nentes

262 1723 485 1777 ‘Tempora'
518 1725 703 1765 dixerunt
734 1722 886 1765 ‘eadem
915 1725 1100 1777 lignoque
1131 1725 1305 1778 tibique,

174 1791 240 1823 455
261 1784 293 1823 Ο
325 1785 440 1824 modo
472 1790 561 1823 nate
580 1816 592 1837 ,
623 1784 759 1824 damus
780 1781 804 1823 ,³
837 1796 913 1835 quo
945 1790 1153 1836 postquam
1185 1785 1357 1823 carmine
1377 1783 1479 1823 dicto

260 1842 478 1882 Excessere
510 1843 604 1882 deae
623 1874 634 1895 ,
665 1843 894 1894 flagrantem
925 1847 1050 1881 mater
1082 1842 1128 1882 ab
1161 1843 1250 1894 igne

261 1901 418 1953 Eripuit
449 1907 598 1940 torrem
629 1902 850 1953 sparsitque
876 1900 1117 1951 liquentibus
1148 1900 1287 1940 undis.

262 1959 328 1999 [lle
360 1961 425 2000 diu
460 1961 587 1999 fuerat
611 1959 878 2011 penetralibus
904 1958 1057 1998 abditus
1088 1960 1200 2010 imis,

263 2018 526 2070 Servatusque
558 2024 647 2058 tuos
665 2049 678 2072 ,
708 2019 860 2057 iuvenis
878 2049 890 2070 ‚
921 2023 1142 2057 servaverat
1172 2029 1317 2056 annos.

177 2085 241 2116 460
261 2077 431 2117 Protulit
460 2077 566 2117 hunc
597 2078 776 2128 genetrix
795 2108 806 2128 ,
836 2075 1047 2127 taedasque
1087 2081 1128 2115 et
1164 2076 1353 2127 fragmina
1390 2077 1480 2126 poni

261 2136 460 2188 Imperat,
491 2141 531 2175 et
560 2136 698 2187 positis
725 2136 903 2174 inimicos
934 2134 1115 2173 admovet
1144 2135 1277 2184 ignes.

261 2195 364 2234 Tum
395 2199 533 2234 conata
565 2199 704 2245 quater
735 2193 900 2232 flammis
930 2194 1120 2244 inponere
1152 2204 1326 2240 ramum,

263 2252 409 2304 Coepta
440 2258 579 2304 quater
605 2253 759 2292 tenuit.
797 2256 973 2303 pugnant
1003 2256 1206 2302 materque
1239 2262 1454 2302 sororque,

262 2310 312 2350 Et
341 2311 495 2350 diversa
526 2311 688 2350 trahunt
718 2322 842 2350 unum
873 2309 950 2348 duo
984 2311 1143 2348 nomina
1174 2315 1335 2361 pectus.

1463 492 1476 510 2
