1554 2563
637 90 670 126 X
684 119 693 135 ,
720 95 805 126 71-
815 95 882 126 144
897 119 904 126 .
1025 101 1231 125 crrmrsscs
1344 85 1425 129 199

205 202 280 248 Qui
312 202 500 242 citharam
531 203 662 241 nervis
695 207 733 240 et
764 202 894 240 nervis
926 205 1118 252 temperat
1149 210 1307 239 arcum.

203 260 378 312 Namque
411 273 521 300 sacer
552 260 732 312 nymphis
764 259 951 299 Carthaea
982 257 1207 298 tenentibus
1239 269 1328 296 arva

120 327 183 360 110
203 319 344 371 Ingens
377 331 518 359 cervus
549 324 661 372 erat,
692 319 847 370 lateque
873 317 1099 370 patentibus
1131 317 1226 356 altas

203 378 290 430 Ipse
322 390 394 418 suo
426 379 544 430 capiti
573 377 785 430 praebebat
816 377 1001 416 cornibus
1034 375 1214 416 umbras.

205 437 360 476 Cornua
390 437 591 488 fulgebant
622 449 717 476 auro
735 468 746 488 ,
778 436 1024 487 demissaque
1056 437 1096 474 in
1128 445 1257 473 armos

204 495 432 535 Pendeba'nt
462 497 580 535 tereti
610 500 801 547 gemmata
833 494 990 534 monilia
1022 493 1144 533 collo.

204 554 313 594 Bulla
345 567 464 606 super
496 555 666 593 frontem
698 555 827 606 parvis
853 559 1036 605 argentea
1067 553 1162 592 loris

119 622 182 652 115
204 612 340 653 Vincta
373 612 599 652 movebatur
624 645 635 666 ,
665 613 857 665 parilique
890 618 1044 652 aetate:
1076 609 1253 650 nitebant

204 671 374 712 Auribus
407 684 428 711 e
461 673 626 723 geminis
659 674 808 711 circum
840 683 931 710 cava
963 677 1139 722 tempora
1170 668 1311 709 bacae.

204 731 318 782 Isque
351 736 457 770 metu
490 743 634 770 vacuus
667 730 912 782 naturalique
944 741 1087 782 pavore

204 790 388 841 Deposito
421 789 620 829 celebrare
653 789 788 828 domos
807 821 818 842 ‚
851 788 1133 839 mulcendaque
1166 785 1263 826 00113

206 848 428 894 Quamlibet
458 850 600 900 ignotis
633 848 812 888 manibus
843 847 1034 900 praebere
1067 845 1239 886 solebat.

119 916 184 948 120
206 907 282 946 Sed
315 912 444 946 tamen
478 913 566 947 ante
599 907 723 960 alios,
755 906 854 947 Ceae
885 906 1151 959 pulcherrime
1183 904 1334 956 gentis,

205 966 349 1006 Gratus
381 972 494 1019 erat,
527 966 732 1018 Cyparisse
751 997 763 1019 ,
795 965 894 1005 tibi.
934 970 976 1005 tu
1008 964 1149 1017 pabula
1180 973 1342 1002 cervum

204 1025 261 1064 Ad
294 1037 420 1078 nova,
452 1030 494 1064 tu
526 1025 662 1076 liquidi
695 1024 865 1064 ducebas
897 1024 1016 1063 fontis
1048 1023 1095 1062 ad
1127 1021 1293 1062 undam:

205 1084 265 1123 Tu
297 1083 412 1122 modo
446 1083 603 1123 texebas
636 1085 762 1123 varios
793 1095 865 1135 per
897 1094 1044 1122 cornua
1075 1081 1218 1133 flores,

205 1142 317 1182 Nunc
350 1155 470 1194 eques
502 1144 542 1182 in
574 1148 684 1194 tergo
717 1142 894 1181 residens
926 1141 1003 1181 huc
1034 1140 1159 1180 laetus
1191 1144 1231 1178 et
1261 1137 1354 1179 illuc

121 1210 185 1241 125
206 1201 334 1241 Mollia
365 1203 576 1253 purpureis
607 1200 787 1240 frenabas
820 1212 887 1239 ora
920 1201 1122 1252 capistris.

205 1261 346 1300 Aestus
379 1266 490 1312 erat,
523 1260 753 1311 mediusque
785 1260 898 1312 dies3
931 1259 1103 1310 solisque
1136 1269 1278 1310 vapore

207 1320 381 1359 Concava
412 1319 541 1358 litorei
572 1318 775 1358 fervebant
806 1317 987 1358 bracchia
1020 1317 1184 1357 Cancri:

207 1378 350 1417 Fessus
382 1379 422 1417 in
453 1377 620 1416 herbosa
651 1380 783 1429 posuit
815 1390 884 1417 sua
917 1388 1082 1428 corpora
1113 1381 1219 1415 terra

208 1437 384 1489 Cervus,
417 1443 456 1475 et
488 1436 650 1475 arborea
683 1437 806 1488 frigus
839 1435 1007 1475 ducebat
1037 1434 1084 1474 ab
1117 1433 1277 1474 umbra.

123 1504 187 1536 130
207 1495 321 1534 Hunc
352 1507 452 1547 puer
483 1494 700 1546 inprudens
732 1494 856 1533 iaculo
890 1495 1120 1545 Cyparissus
1153 1498 1266 1532 acuto

208 1554 339 1594 Fixit:
372 1560 411 1593 et
436 1560 480 1593 ut
512 1565 625 1593 saevo
658 1555 892 1592 morientem
925 1552 1085 1591 vulnere
1118 1551 1236 1603 vidit,

208 1612 312 1652 Velle
339 1614 439 1652 mori
472 1614 635 1652 statuit.
675 1624 774 1663 quae
807 1624 884 1650 non
917 1611 1059 1650 solacia
1090 1609 1274 1649 Phoebus

210 1671 341 1724 Dixit,
374 1677 412 1711 at
443 1671 592 1711 utiliter
623 1683 695 1723 pro
728 1672 967 1722 materiaque
1000 1669 1174 1722 doleret,

209 1729 448 1770 Admonuit!
481 1731 601 1782 gemit
631 1729 695 1769 ille
726 1734 857 1768 tamen
876 1760 888 1782 ‚
920 1740 1143 1780 munusque
1175 1738 1406 1779 supremum

125 1797 188 1829 135
212 1789 293 1828 Hoc
325 1791 425 1842 petit
454 1801 476 1828 a
506 1790 662 1841 superis
681 1820 692 1841 ,
724 1794 767 1827 ut
799 1794 975 1840 tempore
1006 1787 1138 1838 lugeat
1168 1787 1297 1826 omni.

210 1849 368 1899 lamque
387 1880 398 1901 ,
429 1860 501 1900 per
532 1850 731 1887 inmensos
764 1851 896 1898 egesto
929 1847 1117 1898 sanguine
1149 1844 1290 1898 fletus,

210 1907 254 1946 In
285 1907 449 1946 viridem
479 1908 580 1946 verti
611 1911 828 1958 coeperunt
858 1905 1032 1944 membra
1064 1903 1259 1955 colorem,

211 1965 279 2016 [Et
304 1966 418 2005 modo
451 1967 520 2017 qui
549 1967 661 2005 nivea
691 1963 914 2016 pendebant
946 1964 1074 2003 fronte
1106 1961 1233 2014 capilli
1246 1960 1276 2015 ,]

211 2024 377 2064 Horrida
409 2026 602 2064 caesaries
634 2024 719 2062 fieri
737 2055 748 2076 ,
781 2028 1015 2074 sumptoque
1047 2023 1177 2073 rigore

129 2092 191 2124 140
212 2083 419 2123 Sidereum
450 2082 584 2135 gracili
615 2088 793 2134 spectare
825 2082 1026 2120 cacumine
1059 2079 1230 2119 caelum.
1271 2088 1297 2115 1.
1318 2087 1438 2114 exhffi.

213 2142 436 2195 Ingemuit,
467 2143 671 2193 tristisque
704 2141 801 2180 deus
833 2137 1034 2191 ‘lugebere
1065 2138 1202 2190 nobis,

213 2200 461 2252 Lugebisque
492 2200 587 2240 alios
606 2232 617 2252 ,
648 2199 854 2250 aderisque
887 2193 1125 2238 dolentibus’
1156 2197 1306 2248 inquit.

271 2259 363 2298 Tale
395 2271 534 2298 nemus
567 2264 673 2298 vates
705 2262 945 2309 attraxerat,
976 2258 1095 2308 inque
1128 2256 1301 2295 ferarum

214 2317 387 2358 Concilio
419 2318 572 2358 medius
604 2316 719 2357 turba
750 2316 1033 2369 volucrumque
1065 2313 1246 2356 sedebat.
