1554 2563
1323 138 1445 174 XLIII

96 255 192 292 sunt
228 253 402 303 aptiores
441 252 647 302 proximis,
692 264 789 302 quos
835 252 989 302 spurios
1028 251 1175 290 notavi.
1231 262 1322 288 nam
1361 251 1443 289 723

97 312 301 362 verbosus,
332 312 405 350 mei
438 313 519 350 722
555 323 738 350 scaevum
768 322 839 349 nec
864 311 1057 349 tuendum
1086 322 1132 348 ex
1163 318 1179 348 1
1201 310 1256 348 30
1288 317 1340 347 111
1360 310 1445 346 464

98 379 165 408 VII
187 371 288 420 745,
327 370 361 408 si
398 370 462 409 vel
499 371 643 408 amoris
679 369 819 407 haberi
856 370 984 419 possit
1015 369 1168 408 scribae
1199 368 1240 405 M
1270 368 1312 406 in
1342 368 1446 406 clau-

99 429 187 468 sula
211 429 378 468 evanida
398 429 733 478 supplementum:
768 429 864 477 733,
893 429 977 466 734
1011 428 1107 466 satis
1134 426 1313 466 absurdi:
1349 427 1446 476 739,

100 489 185 526 740
227 488 294 537 qui
330 487 488 526 infersit
519 486 786 536 hemistichia,
819 499 866 524 ne
898 487 1099 535 perspexit
1131 485 1308 536 quidem,
1340 485 1445 524 fores

99 547 278 596 pulsatas
317 546 394 584 dici
430 546 614 595 pedibus,
651 547 697 583 ut
734 545 889 584 soleant
925 546 1126 595 manibus,
1165 553 1196 583 v
1216 545 1313 582 448.

101 601 185 643 765
217 613 375 644 FORMA
407 612 527 643 DEus
559 611 682 642 ACTA
714 611 879 643 smum.
923 605 1051 652 forma
1070 605 1162 642 deus
1188 606 1301 651 aptus
1321 597 1446 654 (actus

98 664 139 702 in
170 676 309 714 marg„
341 664 478 702 eadem
510 675 640 713 manu,
671 665 717 701 ut
748 658 865 714 puto)
904 663 1001 701 anili
1031 663 1083 701 M.
1139 663 1232 701 deus
1263 664 1376 709 aptus
1406 662 1448 699 in

99 734 227 762 omnes
264 723 296 760 Ε
335 724 375 761 et
412 722 566 771 reliqui.
627 722 774 771 scriba,
819 721 887 771 qui
923 734 950 759 u
986 734 1057 770 pro
1098 733 1140 770 a,
1178 732 1311 759 errore
1349 720 1446 758 satis

99 782 206 820 facili
248 781 290 819 in
333 780 541 830 scripturis
583 780 868 830 merovingica,
917 780 1220 829 longobardica,
1271 778 1446 828 dederat,

97 840 214 878 facile
240 840 337 878 anili
367 840 534 889 induxit,
566 839 670 888 quod
696 840 1003 888 interpolatores
1029 839 1244 877 noluerunt
1265 837 1446 877 versibus

98 899 296 937 continuis
333 899 472 947 repeti.
533 901 619 936 acta
654 899 782 946 forma
818 899 929 936 senili
967 898 1115 936 dictum
1153 897 1231 935 suit
1268 908 1291 934 a
1329 896 1448 946 poeta

98 959 145 995 ut
174 966 223 996 VI
243 958 327 995 468
360 958 562 996 revertitur
584 955 647 995 Ad
677 957 863 995 mandata
882 957 1063 1005 Proynes,
1096 959 1129 995 et
1159 957 1239 1004 ayil
1263 967 1336 994 sua
1360 957 1448 994 vota

99 1017 169 1055 sub
206 1017 285 1055 illa.
339 1027 411 1054 nec
448 1015 594 1054 offendi
630 1027 702 1064 par
740 1016 802 1054 est
837 1016 879 1053 in
914 1016 1026 1054 senili
1062 1015 1271 1064 utriusque
1311 1026 1446 1052 sexus:

101 1075 229 1113 simile
255 1075 318 1113 est
348 1083 378 1113 v
399 1076 484 1113 400
508 1075 725 1122 puerilibus
756 1086 828 1123 pro
853 1074 1108 1122 puellaribus.
1247 1073 1330 1111 Alii
1360 1085 1448 1122 pro-

98 1133 262 1172 fuerunt
304 1133 394 1171 huic
434 1133 555 1183 libro,
597 1146 634 1172 v.
656 1134 708 1171 66
742 1133 949 1183 Heinsius,
994 1133 1046 1171 95
1082 1132 1318 1181 Salmasius,
1366 1132 1446 1170 169

99 1192 340 1242 Naugerius,
385 1193 467 1230 288
503 1191 717 1242 Gruterus,
763 1193 845 1230 325
880 1191 1160 1241 Capoferreus,
1201 1192 1282 1229 622
1316 1190 1447 1229 nescio

99 1252 200 1301 quis.
262 1264 309 1289 ex
342 1252 374 1289 E
415 1251 519 1289 edidi
550 1264 612 1290 vv.
639 1252 663 1289 5
702 1250 824 1299 Rleeyz·
855 1263 937 1290 var.
971 1262 1044 1289 scr.
1072 1252 1096 1289 8
1134 1251 1185 1288 13
1223 1251 1276 1287 14
1311 1250 1365 1288 20
1396 1248 1449 1286 At

100 1304 186 1362 (M‘.>
256 1311 309 1348 27
344 1311 396 1348 31
433 1311 486 1348 32
520 1309 607 1348 Neu
639 1304 743 1361 (M‘?)
795 1311 850 1347 44
883 1311 937 1348 49
974 1310 1026 1348 55
1062 1310 1115 1347 59
1152 1310 1203 1347 61
1237 1320 1315 1346 uon
1352 1308 1449 1346 cred.

101 1363 187 1420 CM?
258 1370 311 1407 92
341 1369 512 1407 admissa
532 1363 635 1421 (MP)
687 1370 740 1407 93
767 1369 821 1406 In
845 1369 1012 1415 deforme
1037 1363 1141 1420 (M‘e)
1189 1368 1240 1406 96
1277 1369 1329 1405 97
1367 1368 1447 1404 127

103 1428 185 1466 129
207 1421 310 1479 (MP)
370 1429 449 1465 131
493 1428 574 1466 155
618 1428 698 1465 162
742 1428 822 1465 173
865 1428 946 1465 206
993 1428 1076 1464 214
1118 1428 1199 1465 219
1241 1426 1323 1464 225
1365 1426 1448 1463 232

103 1487 185 1524 233
208 1486 553 1533 ΖαΜὶ-Ζεείνὶροηὶε
597 1487 679 1524 236
716 1487 798 1524 237
835 1487 918 1524 254
953 1487 1034 1523 262
1071 1486 1167 1534 268,
1190 1486 1271 1522 272
1294 1484 1350 1521 ad·
1365 1485 1448 1522 307

101 1546 184 1583 327
207 1545 368 1592 fontana
387 1539 492 1597 (M‘.>)
549 1545 633 1583 330
654 1545 835 1591 farsurus
852 1539 957 1596 (MP)
1011 1545 1092 1582 357
1130 1544 1211 1581 359
1247 1544 1331 1581 360
1366 1543 1447 1580 361

102 1604 185 1642 365
229 1604 312 1642 377
356 1604 441 1641 384
487 1604 570 1641 386
616 1604 698 1641 411
743 1604 825 1640 431
870 1604 954 1640 435
998 1603 1082 1640 445
1126 1603 1208 1641 509
1253 1603 1335 1640 513
1362 1602 1450 1649 plu-

102 1663 284 1709 becz‘osque
303 1656 409 1713 (M‘.>)
461 1662 542 1700 519
586 1662 667 1700 521
714 1662 797 1699 524
829 1672 918 1699 suco
950 1661 1061 1699 liccat
1110 1661 1192 1698 561
1237 1661 1319 1699 571
1366 1661 1449 1698 574

103 1721 187 1759 582
228 1721 309 1759 589
351 1720 436 1758 594
456 1721 545 1759 cael.
570 1732 675 1758 mun.
727 1721 810 1758 600
851 1721 934 1758 630
955 1719 1065 1757 utM
1105 1720 1187 1757 646
1235 1720 1320 1758 670
1366 1720 1448 1758 679

104 1779 189 1818 680
235 1780 315 1817 711
365 1780 445 1818 731
494 1780 578 1818 790
625 1779 720 1818 798.

65 1858 67 1860 -
220 1833 327 1875 LIB.
358 1833 440 1876 XV
477 1851 514 1877 v.
548 1834 602 1876 73
646 1845 816 1876 Primus
863 1845 992 1884 Quum
1038 1845 1235 1876 TAmssus
1281 1844 1449 1875 ORA—-.

101 1897 253 1945 primus
283 1907 427 1944 quoque
456 1896 566 1934 libri:
604 1897 709 1946 quod
739 1896 909 1934 maxime
941 1896 1122 1940 offendit,
1155 1897 1190 1935 si
1219 1896 1333 1934 initio
1364 1908 1447 1934 ver-

104 1967 171 1994 sus
203 1966 292 1993 cum
321 1954 486 1993 Heinsio
518 1954 659 1994 Arcuit
690 1955 905 2007 scribatur,
943 1967 1020 2004 quo
1052 1954 1157 2005 quod
1190 1954 1449 2004 significatur,

103 2014 235 2063 ipsum
265 2013 447 2053 versibus
469 2015 521 2052 75
556 2014 606 2051 ad
627 2015 679 2053 89
713 2014 829 2063 inest,
860 2014 908 2051 ut
935 2013 1067 2052 desint
1097 2013 1226 2063 plane,
1259 2025 1360 2062 quae
1379 2025 1450 2062 per

104 2083 248 2120 quoque
278 2073 524 2121 copulentur.
585 2070 729 2120 Arquit
759 2072 989 2111 summatim
1021 2084 1068 2110 ex
1099 2072 1277 2110 oratione
1303 2071 1450 2121 Pytha-

105 2143 226 2181 gorae
258 2131 451 2180 anticipat
480 2131 532 2180 id,
565 2131 670 2180 quod
700 2131 933 2170 inserendae
958 2142 1119 2168 causam
1144 2130 1341 2180 praebuit,
1372 2142 1449 2168 non

104 2189 236 2239 ipsum
276 2189 545 2239 interdictum,
589 2189 658 2228 sed
694 2190 890 2227 rationem
928 2189 1034 2239 eius,
1075 2189 1450 2239 metempsychosin,

105 2260 181 2298 quo
214 2249 396 2297 spectant
425 2248 496 2285 illa
526 2249 636 2287 docta
665 2249 731 2287 sed
761 2259 838 2286 non
869 2248 1022 2286 credita.
1079 2247 1148 2285 sed
1178 2248 1244 2287 vel
1275 2247 1331 2286 sic
1361 2260 1449 2286 con-

105 2306 304 2355 iungenda
336 2308 428 2344 sunt
446 2305 590 2354 Arquit
619 2307 661 2345 et
690 2307 810 2355 solvit,
842 2306 905 2344 cui
935 2306 995 2344 rei
1024 2305 1192 2345 inservit
1223 2305 1328 2355 quod
1359 2306 1447 2346 dedi

104 2376 231 2413 quum.
282 2365 473 2417 seriptum
509 2364 632 2403 fuerit
668 2364 880 2415 aliquando
912 2376 1040 2413 quom,
1074 2366 1121 2403 ut
1150 2365 1301 2415 passim
1331 2364 1378 2402 fit
1407 2364 1449 2402 in
