1554 2563
566 105 616 139 XI
631 132 638 148 ‚
667 108 852 140 ‘114-785
868 132 876 140 .
1018 117 1169 140 annaeus
1313 105 1398 148 237

232 215 312 255 Hos
344 214 483 267 aliquis
516 216 648 254 senior
678 216 843 254 iunctim
875 215 975 254 freta
1006 214 1082 254 lata
1112 215 1287 255 volantes

85 281 152 314 ‘150
174 274 363 327 Spectat,
395 280 435 313 et
466 273 512 312 ad
545 274 662 312 finem
693 279 867 312 servatos
899 274 1029 313 laudat
1061 286 1236 313 amores.

171 333 404 385 Proximus,
430 338 497 372 aut
519 332 645 385 idem,
673 333 705 371 si
731 333 812 371 fors
838 332 950 385 tulit,
978 330 1056 372 ‘hic
1082 330 1278 386 quoque,'
1305 333 1400 373 dixit

173 389 315 438 ‘Quem
347 403 453 431 mare
486 396 713 443 carpentem
739 391 1029 443 substrictaque
1056 403 1172 431 crura
1198 398 1399 443 gerentem

172 452 324 502 Aspicis
334 447 362 504 ,'
377 472 431 478 -
453 450 666 489 ostendens
686 451 901 502 spatiosum
922 452 960 489 in
981 455 1140 501 guttura
1153 463 1332 502 mergum
1345 473 1397 479 —

173 506 307 561 ‘Regia
339 511 576 561 progenies.
615 515 736 562 sunt,
769 511 802 548 si
834 509 1074 548 descendere
1106 509 1153 548 ad
1184 511 1314 561 ipsum

86 575 152 607 755
174 567 321 607 Ordine
352 574 544 620 perpetuo
578 569 764 620 quaeris,
796 573 890 607 sunt
920 568 1037 607 huius
1069 569 1178 619 origo

173 627 251 665 llus
283 632 323 666 et
353 627 566 666 Assaracus
598 632 812 678 raptusque
844 626 925 665 Iovi
956 626 1198 678 Ganymedes

174 685 473 737 Laomedonque
507 697 626 724 senex
657 685 916 737 Priamusque
948 687 1157 724 novissima
1189 686 1327 725 Troiae

172 744 366 796 Tempora
399 746 562 783 sortitus
583 775 591 783 .
630 745 752 783 frater
783 745 857 783 suit
888 744 1070 783 Hectoris
1100 745 1199 784 iste:

174 803 249 848 Qui
281 805 356 842 nisi
388 805 579 842 sensisset
609 805 733 854 prima
766 815 863 842 nova
895 804 972 842 fata
1007 805 1187 856 iuventa,

86 869 152 900 '160
173 862 352 901 Forsitan
384 863 550 901 inferius
582 873 661 900 non
692 861 862 901 Hectore
894 874 1038 901 nomen
1069 861 1256 916 haberet3

173 921 356 966 Quamvis
389 926 450 960 est
480 920 589 959 illum
620 920 751 972 proles
784 922 897 959 enixa
928 920 1153 972 Dymantis,

172 981 346 1018 Aesacon
378 979 563 1018 umbrosa
596 979 732 1018 furtim
764 980 966 1031 peperisse
998 979 1071 1018 sub
1104 979 1168 1018 Ida

173 1037 316 1077 Fertur
346 1038 553 1077 Alexirhoe
573 1069 584 1091 ,
616 1037 782 1076 Granico
815 1044 904 1077 nata
935 1037 1111 1077 bicorni.

173 1096 319 1136 Oderat
350 1096 413 1136 hic
445 1096 564 1136 urbes
583 1128 594 1148 ,
626 1096 825 1148 nitidaque
858 1102 1034 1136 remotus
1066 1096 1113 1135 ab
1145 1096 1231 1136 aula

87 1163 152 1194 765
174 1155 358 1195 Secretos
389 1161 543 1195 montes
576 1161 614 1194 et
645 1155 892 1194 inambitiosa
925 1155 1077 1194 colebat

175 1214 278 1254 Rura
297 1246 308 1266 ,
340 1226 412 1253 nec
443 1214 580 1253 Iliacos
612 1221 749 1253 coetus
780 1215 856 1253 nisi
887 1226 1001 1253 rarus
1033 1213 1183 1253 adibat.

174 1273 260 1312 Non
292 1280 445 1325 agreste
478 1279 607 1312 tamen
640 1285 713 1312 nec
743 1272 1045 1324 inexpugnabile
1078 1274 1200 1312 amori

173 1332 316 1371 Pectus
347 1331 495 1370 habens
513 1364 524 1385 ,
555 1331 670 1371 silvas
702 1337 893 1383 captatam
925 1343 1040 1383 saepe
1072 1344 1144 1383 per
1176 1343 1311 1371 omnes

173 1391 321 1442 Aspicit
353 1390 569 1442 Hesperien
602 1391 726 1442 patria
759 1389 977 1429 Cebrenida
1010 1392 1118 1443 ripa,

87 1457 153 1488 770
177 1449 343 1488 iniectos
375 1451 523 1488 umeris
555 1450 767 1488 siccantem
799 1449 880 1488 sole
913 1448 1096 1500 capillos.

174 1507 261 1547 Visa
294 1509 393 1559 sugit
424 1507 593 1559 nymphe
611 1539 622 1559 ‚
654 1507 775 1546 veluti
806 1509 1017 1558 perterrita
1048 1507 1197 1546 fulvum

174 1566 295 1606 Cerva
327 1566 491 1618 lupum,
524 1567 717 1617 longeque
748 1565 835 1605 lacu
868 1566 1060 1617 deprensa
1092 1566 1228 1605 relicto

174 1626 411 1677 Accipitrem
442 1624 606 1664 fluvialis
638 1636 730 1663 anas
750 1656 758 1663 .
799 1636 914 1676 quam
946 1624 1088 1664 Troius
1121 1624 1238 1664 heros

175 1684 428 1736 Insequitur,
461 1684 708 1734 celeremque
741 1689 847 1722 metu
881 1682 985 1722 celer
1018 1689 1160 1734 urguet
1192 1695 1346 1723 amore.

87 1750 153 1782 ‘175
174 1742 275 1782 Ecce
308 1743 432 1782 latens
464 1742 585 1782 herba
617 1741 780 1781 coluber
811 1743 998 1793 fugientis
1029 1742 1182 1781 adunco

175 1801 298 1840 Dente
330 1801 470 1852 pedem
502 1802 688 1852 strinxit,
720 1802 905 1851 virusque
937 1802 977 1839 in
1009 1813 1175 1852 corpore
1207 1801 1344 1852 liquit.

175 1860 273 1899 Cum
305 1861 382 1899 vita
414 1859 624 1911 subpressa
656 1860 745 1910 fuga
778 1867 838 1898 est
857 1890 866 1898 .
904 1859 1153 1910 amplectitur
1185 1871 1319 1898 amens

176 1918 432 1971 Exanimem,
465 1918 681 1970 clamatque
714 1915 851 1969 “piget
869 1949 879 1969 ,
912 1919 1018 1968 piget
1049 1930 1136 1957 esse
1169 1917 1371 1957 secutum!

177 1977 252 2016 Sed
285 1989 363 2016 non
395 1977 469 2016 hoc
501 1979 642 2028 timui,
674 1988 747 2016 nec
779 1983 863 2015 erat
894 1976 989 2014 mihi
1020 1978 1177 2015 vincere
1209 1978 1330 2016 tanti.

90 2043 155 2075 780
176 2035 422 2075 Perdidimus
453 2037 634 2075 miseram
667 2047 739 2074 nos
772 2041 810 2074 te
842 2034 949 2074 duo:
981 2034 1122 2073 vulnus
1154 2034 1202 2073 ab
1235 2046 1385 2087 angue,

175 2096 204 2132 A
237 2106 298 2133 me
331 2106 447 2134 causa
479 2094 567 2134 data
598 2100 686 2133 est.
726 2105 797 2144 ego
830 2105 918 2132 sum
950 2093 1179 2132 sceleratior
1211 2093 1302 2132 illo:

177 2154 252 2198 Qui
284 2152 354 2191 tibi
387 2159 512 2192 morte
545 2165 630 2191 mea
662 2153 801 2191 mortis
832 2152 974 2191 solacia
1006 2153 1158 2190 mittam
1172 2148 1213 2191 .''

177 2211 309 2263 Dixit,
341 2217 379 2250 et
410 2223 431 2250 e
464 2211 655 2263 scopuIO,
688 2223 764 2261 qua
795 2222 912 2250 rauca
945 2209 1156 2249 subederat
1186 2211 1313 2263 unda,

178 2269 227 2308 Se
260 2269 367 2309 dedit
398 2270 438 2309 in
470 2277 662 2321 pontum.
699 2268 846 2321 Tethys
877 2269 1060 2308 miserata
1093 2268 1296 2308 cadentem

88 2334 155 2366 785
177 2327 344 2367 Molliter
364 2330 541 2381 excepit,
568 2334 803 2379 nantemque
830 2340 901 2380 per
921 2339 1091 2378 aequora
1116 2329 1257 2380 pennis
1277 2335 1387 2362 mlxx
