1554 2563
522 113 608 148 XIII
622 140 631 158 ,
658 117 843 149 743-815
857 142 866 150 .
998 125 1147 150 crcnops
1279 114 1364 155 277

141 222 287 276 Collis;
324 228 538 274 utrumque
570 223 671 262 latus
703 223 941 263 circumfluit
971 224 1154 275 aequoris
1185 223 1311 263 unda.

54 288 120 321 ’180
140 280 226 321 Huc
257 281 366 321 serus
397 281 574 321 ascendit
604 281 768 333 Cyclops
788 313 799 334 ,
829 282 1061 333 mediusque
1092 281 1270 335 resedit;

140 339 353 391 Lanigerae
384 340 557 392 pecudes
589 339 695 379 nullo
728 341 898 379 ducente
930 347 1112 380 secutae.

141 398 212 437 Cui
242 404 451 451 postquam
482 401 598 450 pinus
617 430 628 451 ‚
660 398 788 438 baculi
820 411 919 450 quae
951 399 1133 451 praebuit
1158 411 1297 451 usum,

138 458 238 496 Ante
270 457 390 509 pedes
422 459 547 508 posita
580 463 669 510 est,
701 459 894 496 antemnis
927 463 1015 510 apta
1046 458 1243 510 ferendis,

141 515 383 567 Sumptaque
413 515 700 555 harundinibus
726 522 927 568 compacta
953 522 1013 556 est
1035 516 1163 556 fistula
1184 521 1365 570 centum,

54 580 119 613 785
141 574 361 613 Senserunt
392 576 464 613 toti
495 576 666 626 pastoria
698 574 808 614 sibila
841 580 1020 628 montes,

141 632 360 672 Senserunt
392 632 548 673 undae.
586 633 742 672 latitans
775 646 846 685 ego
878 646 977 686 rupe
1009 635 1165 685 meique

139 691 269 731 Acidis
300 693 341 730 in
373 693 522 743 gremio
554 691 732 731 residens
764 692 904 744 procul
935 692 1096 732 auribus
1128 691 1240 731 hausi

140 750 247 789 Talia
279 749 379 789 dicta
412 752 510 789 meis
542 751 750 802 auditaque
782 750 900 789 verba
931 753 1084 791 notavi:

140 806 382 848 “Candidior
414 809 505 847 solio
538 811 668 862 nivei,
701 809 856 848 Galatea
875 841 886 862 ‚
916 809 1096 861 ligustri,

54 875 119 906 790
140 867 333 906 Floridior
363 869 485 919 pratis
503 899 515 920 ‚
545 868 659 919 longa
690 869 894 920 procerior
925 868 1037 921 alno,

142 926 391 978 Splendidior
422 928 522 965 vitro
541 959 552 979 ‚
583 932 720 966 tenero
753 926 933 966 lascivior
963 926 1118 980 haedo,

141 984 281 1024 Levior
313 984 471 1024 assiduo
504 984 660 1024 detritis
691 997 862 1036 aequore
895 985 1080 1038 conchis,

142 1043 299 1083 Solibus
330 1043 507 1082 hibernis
525 1075 536 1096 ‚
569 1045 712 1083 aestiva
745 1045 892 1095 gratior
923 1043 1085 1095 umbra,

141 1101 317 1141 Nobilior
349 1102 474 1141 forma
506 1114 549 1141 ac
580 1102 735 1154 platano
769 1103 1016 1154 conspectior
1048 1102 1146 1154 alta,

54 1167 120 1199 795
142 1160 325 1200 Lucidior
356 1160 477 1212 glacie
496 1192 508 1213 ,
538 1166 690 1200 matura
717 1160 869 1200 dulcior
900 1173 996 1213 uva,

142 1219 295 1258 Mollior
327 1225 367 1258 et
398 1221 511 1270 cygni
542 1219 684 1271 plumis
717 1225 757 1258 et
787 1219 887 1258 lacte
919 1224 1079 1272 coacto,

141 1277 219 1330 Et,
250 1278 285 1317 si
315 1289 394 1316 non
426 1278 551 1329 fugias
569 1310 581 1330 ‚
611 1280 725 1329 riguo
758 1278 968 1317 formosior
998 1277 1137 1317 horto:

144 1336 302 1375 Saevior
332 1336 532 1376 indomitis
564 1336 698 1376 eadem
731 1335 886 1375 Galatea
916 1337 1117 1387 iuvencis,

143 1394 286 1434 Durior
317 1407 463 1434 annosa
494 1407 644 1446 quercu
663 1427 674 1447 ‚
706 1394 878 1433 fallacior
910 1394 1050 1446 undis,

55 1461 122 1493 800
142 1453 302 1492 Lentior
335 1459 374 1492 et
404 1453 532 1492 salicis
563 1454 681 1504 virgis
713 1459 754 1492 et
783 1452 927 1492 vitibus
959 1452 1080 1504 albis,

143 1511 213 1550 His
244 1511 468 1551 inmobilior
500 1511 672 1563 scopulis
691 1543 703 1564 ‚
734 1510 942 1550 violentior
973 1523 1110 1564 amne,

143 1570 317 1609 Laudato
348 1582 498 1622 pavone
530 1569 739 1622 superbior
757 1601 768 1622 ,
800 1571 928 1609 acrior
959 1571 1064 1622 igni,

144 1629 331 1681 Asperior
362 1628 518 1668 tribulis
537 1661 548 1681 ‚
573 1629 651 1668 feta
683 1628 945 1667 truculentior
976 1639 1093 1680 ursa,

146 1687 312 1726 Surdior
344 1687 611 1740 aequoribus,
644 1687 789 1726 calcato
821 1687 996 1726 inmitior
1026 1686 1176 1739 hydro,

56 1753 124 1786 805
145 1746 223 1798 Et,
254 1746 359 1797 quod
391 1748 602 1798 praecipue
633 1745 771 1785 vellem
803 1744 875 1784 tibi
906 1745 1063 1785 demere
1095 1757 1275 1797 possem,

144 1804 231 1844 Non
264 1810 416 1844 tantum
448 1816 563 1844 cervo
596 1804 710 1844 claris
741 1803 946 1843 latratibus
977 1809 1088 1857 acto,

145 1863 291 1902 Verum
323 1865 439 1902 etiam
470 1864 596 1902 ventis
628 1862 856 1913 volucrique
887 1863 1063 1914 fugacior
1094 1861 1211 1902 aural

145 1922 194 1961 At
223 1921 324 1961 bene
357 1924 390 1962 si
420 1923 558 1974 noris,
589 1923 719 1973 pigeat
749 1921 896 1972 fugisse
914 1952 925 1974 ,
957 1932 1164 1972 morasque

145 1980 233 2032 Ipsa
263 1986 350 2020 tuas
382 1981 541 2020 damnes
574 1986 614 2019 et
644 1992 706 2019 me
738 1981 912 2018 retinere
943 1978 1120 2018 labores.

58 2045 126 2078 810
149 2038 250 2078 Sunt
280 2039 405 2092 mihi,
436 2051 526 2091 pars
558 2040 730 2091 montis,
760 2039 846 2076 vivo
877 2037 1087 2089 pendentia
1119 2049 1211 2076 saxo

145 2097 267 2136 Antra
285 2129 296 2150 ‚
328 2097 471 2149 quibus
503 2109 577 2136 nec
609 2097 666 2136 sol
697 2095 825 2136 medio
857 2097 1027 2135 sentitur
1059 2097 1099 2134 in
1131 2102 1265 2149 aestu,

146 2155 227 2194 Nec
259 2158 429 2196 sentitur
459 2156 615 2195 hiems.
653 2161 746 2194 sunt
775 2166 889 2207 poma
920 2155 1116 2206 gravantia
1147 2166 1300 2206 ramos3

148 2213 249 2253 Sunt
280 2226 376 2254 auro
409 2214 558 2254 similes
590 2214 717 2265 longis
748 2215 789 2252 in
821 2212 966 2252 vitibus
997 2224 1118 2266 uvae,

148 2272 250 2312 Sunt
281 2279 320 2312 et
349 2284 604 2325 purpureae:
635 2272 707 2311 tibi
739 2278 778 2312 et
808 2271 877 2310 has
909 2283 1110 2310 servamus
1142 2277 1182 2311 et
1211 2271 1316 2310 illas.

59 2337 127 2370 815
146 2330 234 2383 Ipsa
264 2332 343 2371 tuis
375 2330 555 2371 manibus
588 2330 758 2370 silvestri
789 2336 878 2370 nata
910 2329 983 2370 sub
1015 2329 1154 2369 umbra
