1554 2563
146 106 200 146 84
391 117 498 139 uus
693 103 920 139 METAMM.

261 213 504 265 Arcebatque
537 215 618 253 suis
651 220 834 253 externos
866 213 1008 254 finibus
1041 226 1175 254 omne*

263 272 361 311 Huic
392 284 549 324 quoque
582 269 691 312 ‘vade
723 271 890 325 procul,
922 284 970 311 ne
1003 272 1115 324 longe
1148 274 1268 324 gloria
1301 285 1457 326 rerum,

175 338 241 369 650
262 331 386 376 Quam
418 332 598 370 mentiris
616 326 642 384 ‚'
675 332 728 370 ait
761 328 889 382 ‘longe
922 330 993 370 tibi
1025 331 1199 383 luppiter
1231 331 1332 371 absit
1343 329 1369 384 ‚'

262 388 424 440 Vimque
457 390 572 428 minis
604 389 709 428 addit
741 389 998 442 manibusque
1031 389 1227 441 expellere
1258 396 1422 442 temptat

262 447 519 486 Cunctantem
551 454 590 486 et
620 447 781 500 placid1s
813 453 1043 488 miscentem
1075 448 1190 487 fortia
1221 448 1356 488 dictis.

261 505 416 545 Viribus
448 506 612 545 inferior
645 528 699 534 -—
733 507 821 557 quis
853 507 957 545 enim
987 518 1058 558 par
1091 512 1195 546 esset
1226 506 1370 547 Atlanti

262 563 417 603 Viribus
437 561 459 603 ¹?
478 586 533 592 —
554 561 608 603 at
639 567 822 616 quoniam
853 566 961 616 parvi
993 564 1063 604 tibi
1095 568 1217 616 gratia
1237 573 1369 604 nostra
1399 572 1481 626 est,

173 632 239 661 655
261 625 403 674 Accipe
436 635 606 662 munus.
599 620 623 651 Ρ
656 625 738 675 ait,
769 623 953 674 laevaque
985 635 1006 662 a
1037 631 1148 675 parte
1180 623 1362 663 Medusae

261 682 348 733 Ipse
381 687 627 721 retroversus
660 681 876 733 squalentia
908 681 1073 733 protulit
1104 694 1194 721 ora.

261 740 439 786 Quantus
459 746 543 779 erat
560 772 572 792 ‚
597 752 708 779 mons
728 741 854 779 sactus
874 740 979 779 Atlas
993 772 1002 779 .
1023 753 1111 779 nam
1131 740 1249 780 barba
1270 753 1480 793 comaeque

261 799 303 838 ln
336 799 450 837 silvas
483 798 656 851 abeunt,
687 802 777 850 iuga
809 805 900 838 sunt
932 801 1137 850 umerique
1169 811 1410 853 manusque;

261 857 372 903 Quod
406 864 522 909 caput
552 863 641 897 ante
673 857 747 896 fuit
763 889 775 910 ‚
807 869 958 896 summo
980 859 1098 897 estin
1118 864 1249 898 monte
1271 870 1481 910 cacumen;

173 924 239 954 660
261 916 359 954 Ossa
390 916 486 967 lapis
519 917 645 955 fiunt.
677 923 761 955 tum
792 921 923 967 partes
955 921 1094 955 auctus
1125 918 1165 956 in
1198 929 1333 956 omnes

261 974 391 1013 Crevit
421 976 461 1013 in
492 976 715 1019 inmensum
749 996 803 1002 —
837 976 892 1013 sic
925 973 963 1013 di
995 976 1187 1014 statuistis
1215 997 1266 1003 -—
1295 983 1335 1015 et
1366 987 1479 1015 omne

262 1033 358 1072 Cum
390 1039 450 1072 tot
474 1033 670 1072 sideribus
703 1033 853 1072 caelum
885 1034 1079 1083 requievit
1109 1035 1149 1072 in
1175 1033 1262 1073 illo.

319 1091 521 1131 Clauserat
550 1091 787 1143 Hippotades
819 1097 978 1131 aeterno
1012 1103 1170 1131 carcere
1201 1099 1361 1145 ventOS,
1393 1102 1422 1127 ί.
1441 1101 1478 1127 u.

259 1150 566 1201 Admonitorque
598 1162 762 1201 operum
795 1149 901 1189 caelo
933 1149 1172 1190 clarissimus
1204 1151 1279 1191 alto

174 1218 239 1248 eet>
261 1208 419 1248 Lucifer
451 1215 562 1248 ortus
594 1215 705 1247 erat.
743 1210 883 1260 pennis
915 1208 1008 1259 ligat
1038 1208 1102 1248 ille
1133 1211 1344 1261 resumptis

259 1267 374 1306 Parte
406 1267 453 1306 ab
485 1273 651 1318 utraque
683 1266 832 1319 pedes,
864 1266 1019 1318 teloque
1052 1268 1268 1319 accingitur
1300 1280 1426 1320 unce,

260 1325 308 1364 Et
338 1325 530 1376 liquidum
561 1326 677 1365 motis
708 1324 895 1364 talaribus
927 1329 1015 1365 aera
1046 1325 1178 1365 findit.

260 1383 450 1423 Gentibus
482 1385 699 1423 innumeris
731 1385 960 1435 circumque
991 1384 1170 1435 infraque
1203 1384 1349 1424 relictis

259 1442 496 1494 Aethiopum
528 1443 692 1494 populos
711 1474 722 1494 ,
755 1442 986 1494 Cepheaque
1019 1444 1210 1494 conspicit
1241 1455 1350 1482 arva.

172 1509 240 1542 670
260 1500 342 1540 Illic
373 1502 595 1539 inmeritam
627 1508 825 1540 maternae
856 1500 1029 1552 pendere
1060 1500 1214 1553 linguae

259 1559 531 1598 Andromedan
564 1572 708 1611 poenas
739 1560 886 1598 inmitis
918 1560 1086 1598 iusserat
1116 1560 1301 1600 Ammon.

260 1618 384 1664 Quam
416 1617 529 1656 simul
563 1618 608 1657 ad
641 1617 758 1657 duras
790 1617 990 1668 religatam
1020 1618 1201 1658 bracchia
1233 1625 1367 1658 cautes

260 1675 363 1715 Vidit
393 1675 627 1715 Abantiades
646 1708 656 1727 ‚
690 1698 743 1704 —
777 1678 852 1715 nisi
885 1676 987 1727 quod
1020 1675 1115 1716 levis
1148 1689 1240 1716 aura
1272 1677 1429 1730 capillos

259 1735 460 1786 Moverat,
492 1743 531 1773 et
561 1735 691 1786 tepido
724 1734 931 1774 manabant
962 1735 1106 1774 lumina
1132 1735 1250 1788 fletu,

172 1802 238 1831 675
259 1792 520 1831 Marmoreum
552 1800 660 1831 ratus
687 1800 791 1832 esset
821 1805 920 1844 opus
952 1814 1006 1821 —
1041 1793 1159 1833 trahit
1189 1795 1337 1834 inscius
1369 1797 1474 1846 ignes

260 1849 309 1890 Et
340 1857 500 1903 stupet.
539 1853 700 1890 eximiae
734 1857 941 1902 correptus
973 1853 1139 1903 imagine
1174 1852 1320 1891 formae

260 1909 387 1948 Paene
420 1921 510 1949 suas
542 1916 702 1960 quatere
734 1916 795 1948 est
825 1909 969 1948 oblitus
1001 1911 1040 1949 in
1073 1914 1162 1950 aere
1195 1924 1370 1962 pennas.

260 1967 310 2006 Ut
342 1969 450 2006 stetit
467 1998 479 2020 ‚
511 1964 565 2005 ‘o’
597 1967 694 2007 dixit
725 1965 818 2007 ‘non
850 1969 934 2006 istis
966 1967 1081 2019 digna
1113 1968 1283 2022 catenis,

262 2025 338 2065 Sed
371 2025 513 2077 quihus
544 2027 646 2064 inter
673 2038 714 2065 se
747 2025 875 2077 cupidi
909 2028 1125 2076 iunguntur
1158 2034 1361 2081 amantes,

172 2094 239 2123 630
259 2083 390 2123 Pande
423 2086 639 2135 requirenti
672 2097 813 2123 nomen
844 2092 1050 2135 terraeque
1082 2091 1295 2138 tuumque,

259 2141 309 2181 Et
341 2155 411 2182 cur
444 2143 565 2181 vincla
596 2155 708 2193 geras
723 2141 747 2182 .’
786 2144 911 2194 primo
945 2142 1032 2181 silet
1063 2143 1125 2181 illa
1144 2175 1155 2193 ,
1188 2156 1259 2183 nec
1290 2145 1405 2184 audet

261 2200 466 2252 Appellare
498 2203 624 2240 virum
657 2204 794 2253 virg03
826 2201 1082 2252 manibusque
1116 2202 1312 2242 modestos

261 2259 434 2298 Celasset
465 2259 594 2298 vultus
614 2291 624 2310 ,
656 2261 688 2298 si
721 2271 799 2299 non
831 2259 989 2310 religata
1022 2260 1182 2299 fuisset.

262 2317 452 2369 Lumina,
484 2317 587 2368 quod
620 2319 774 2370 potuit,
806 2317 975 2356 lacrImis
1007 2318 1180 2369 implevit
1211 2318 1382 2359 obortis.
