1554 2563
610 117 626 151 1
642 143 652 158 ,
678 119 864 151 252—325
879 144 888 152 .
1043 129 1239 152 DEUCAonN
1394 116 1420 158 9

198 224 395 264 indeiecta
427 225 526 264 malo
545 257 556 278 ,
588 225 743 264 culmen
774 231 905 264 tamen
936 225 1050 265 altior
1080 226 1198 265 huius

112 291 179 323 290
199 283 309 322 Unda
341 285 466 336 tegit,
497 296 735 336 pressaeque
766 284 889 323 latent
920 284 993 323 sub
1025 286 1179 336 gurgite
1210 290 1366 325 turres.

198 341 356 393 Iamque
389 354 495 381 mare
534 348 573 382 et
610 343 725 382 tellus
763 342 914 382 nullum
952 343 1164 382 discrimen
1203 343 1421 384 habebant:

199 400 337 440 Omnia
368 407 512 452 pontus
544 408 684 440 erant.
723 401 886 440 deerant
917 414 1073 453 quoque
1106 402 1219 440 litora
1249 408 1392 453 ponto.

199 458 375 510 Occupat
405 459 468 498 hic
500 459 668 499 collem:
707 459 847 498 cumba
879 460 990 498 sedet
1022 460 1119 499 alter
1145 460 1295 500 adunca

197 517 248 557 Et
280 518 388 557 ducit
418 530 548 557 remos
578 518 658 557 illic
690 518 758 557 ubi
790 530 916 570 nuper
947 524 1097 571 ararat3

110 583 178 615 295
198 576 266 615 Ille
298 587 418 628 super
449 582 605 628 segetes
637 584 703 616 aut
734 589 884 615 mersae
918 577 1087 616 culmina
1117 577 1228 616 villae

197 635 386 688 Navigat,
418 635 480 674 hic
513 647 663 674 stimma
694 637 843 687 piscem
875 635 1082 688 deprendit
1112 638 1152 675 in
1184 636 1314 689 ulmo;

198 693 349 745 Figitur
380 695 421 732 in
452 694 595 747 viridi,
627 696 660 733 si
692 695 773 733 sors
805 694 923 747 tulit,
955 706 1097 733 ancora
1126 701 1264 748 prate,

197 753 274 791 Aut
305 752 481 792 subiecta
511 758 647 792 terunt
678 765 818 792 curvae
851 754 979 792 vineta
1011 754 1188 792 carinae.

197 810 276 864 Et,
307 811 422 850 modo
455 824 531 862 qua
562 811 726 863 graciles
758 823 918 863 gramen
950 824 1132 863 carpsere
1159 811 1352 866 capellae,

110 877 179 910 300
198 869 312 909 Nunc
342 869 397 909 ibi
428 870 624 909 deformes
654 876 807 922 ponunt
838 882 908 909 sua
940 882 1105 922 corpora
1136 870 1307 922 phocae.

197 928 390 968 Mirantur
422 928 495 968 sub
528 941 626 980 aqua
657 929 767 968 lucos
799 928 997 979 urbesque
1030 929 1245 980 domosque

198 986 388 1026 Nereides
409 1019 417 1026 .
457 987 650 1039 silvasque
683 993 820 1026 tenent
851 987 1054 1038 delphines
1074 1019 1085 1040 ,
1117 993 1156 1026 et
1187 987 1274 1026 altis

197 1045 405 1085 Incursant
435 1048 554 1085 ramis
575 1077 584 1086 .
606 1045 843 1097 [agitataque
874 1045 1017 1084 robora
1048 1045 1205 1097 pulsant
1219 1045 1246 1096 .]

197 1103 272 1143 Nat
302 1104 418 1156 lupus
449 1106 553 1143 inter
584 1117 704 1157 oves,
736 1105 862 1143 fulvos
893 1104 1000 1143 vehit
1025 1104 1129 1143 unda
1159 1104 1317 1157 leones,

110 1170 178 1201 305
198 1161 309 1202 Unda
340 1163 445 1202 vehit
476 1165 626 1214 tigres.
665 1175 738 1202 nec
769 1165 872 1202 vires
904 1163 1077 1202 fulminis
1109 1175 1228 1217 apro,

199 1220 323 1260 Crura
355 1233 428 1260 nec
459 1221 584 1261 ablato
615 1228 783 1273 prosunt
813 1221 960 1260 velocia
992 1233 1131 1261 cervo.

201 1279 474 1331 Quaesitisque
501 1281 568 1319 diu
600 1282 718 1319 terris
737 1312 748 1333 ,
774 1279 842 1319 ubi
873 1282 1013 1319 sistere
1046 1281 1186 1333 detur,

198 1338 242 1377 In
268 1350 374 1377 mare
405 1338 558 1378 lassatis
589 1339 759 1378 volucris
792 1351 885 1390 vaga
917 1338 1062 1378 decidit
1092 1339 1186 1379 alis.

200 1396 396 1436 Obruerat
427 1397 598 1436 tumulos
630 1399 807 1436 inmensa
838 1398 995 1436 licentia
1026 1399 1160 1450 ponti,

111 1462 179 1494 310
198 1455 489 1507 Pulsabantque
520 1457 610 1495 novi
641 1462 824 1495 montana
856 1457 1057 1495 cacumina
1082 1456 1250 1495 fluctus.

198 1513 362 1553 Maxima
392 1526 484 1566 pars
514 1514 619 1553 unda
650 1516 830 1566 rapitur:
862 1514 1004 1566 quibus
1037 1514 1141 1553 unda
1171 1515 1374 1568 pepercit,

199 1572 290 1611 lllos
321 1573 435 1624 longa
466 1572 625 1611 domant
655 1574 763 1624 inopi
794 1574 940 1611 ieiunia
970 1573 1101 1611 victu.

261 1630 423 1682 Separat
453 1631 598 1670 Aonios
631 1630 787 1670 Oetaeis
818 1630 962 1669 Phocis
994 1630 1040 1669 ab
1072 1632 1199 1683 arvis,

199 1689 323 1729 Terra
348 1691 456 1728 ferax
474 1721 486 1742 ,
518 1689 612 1728 dum
642 1695 748 1728 terra
780 1689 883 1728 fuit:
915 1689 984 1728 sed
1016 1695 1194 1740 tempore
1225 1690 1266 1728 in
1297 1688 1362 1728 illo

111 1755 179 1787 315
198 1747 295 1787 Pars
326 1749 445 1787 maris
478 1754 517 1787 et
546 1748 648 1787 latus
680 1747 901 1787 subitarum
932 1759 1092 1800 campus
1125 1759 1338 1799 aquarum.

199 1806 310 1846 Mons
341 1806 396 1845 ibi
427 1806 640 1846 verticibus
670 1808 770 1858 petit
800 1806 946 1845 arduus
978 1812 1082 1846 astra
1113 1806 1290 1859 duobus,

199 1864 364 1904 Nomine
395 1865 622 1918 Parnasus,
654 1870 919 1916 superantque
952 1866 1153 1904 cacumina
1185 1864 1333 1904 nubes.

199 1923 272 1962 Hic
303 1923 372 1963 ubi
402 1923 614 1963 Deucalion
631 1955 643 1976 ,
674 1936 764 1962 nam
796 1929 927 1962 cetera
958 1929 1109 1963 texerat
1140 1935 1311 1976 aequor,

200 1981 299 2021 Cum
330 1988 512 2021 consorte
544 1984 622 2022 tori
652 1994 769 2033 parva
801 1988 884 2021 rate
916 1987 1052 2021 vectus
1084 1981 1282 2033 adhaesit,

111 2047 180 2079 320
201 2039 410 2092 Corycidas
442 2041 631 2093 nymphas
664 2047 703 2080 et
734 2042 895 2079 numina
925 2042 1070 2079 montis
1102 2040 1287 2091 adorant,

200 2098 491 2150 Fatidicamque
523 2099 690 2138 Themin
709 2130 720 2152 ,
753 2111 851 2150 quae
878 2105 973 2138 tunc
1005 2098 1134 2137 oracla
1164 2097 1345 2138 tenebat.

200 2157 287 2196 Non
317 2157 383 2196 illo
415 2158 553 2197 melior
584 2159 791 2209 quisquam
822 2170 894 2196 nec
928 2159 1119 2196 amantior
1149 2158 1265 2208 aequi

201 2215 267 2254 Vir
298 2216 373 2255 fuit
389 2248 401 2269 ,
432 2222 500 2255 aut
524 2216 588 2255 illa
619 2217 859 2255 metuentior
891 2215 968 2255 ulla
999 2215 1187 2255 deorum.

200 2273 376 2326 Iuppiter
406 2280 452 2314 ut
481 2274 639 2326 liquidis
672 2281 850 2326 stagnare
876 2273 1083 2326 paludibus
1115 2274 1274 2326 orbem,

111 2339 179 2371 825
200 2331 251 2372 Et
282 2345 492 2384 superesse
524 2335 652 2372 virum
683 2333 730 2372 de
763 2338 821 2372 tot
845 2333 960 2371 modo
993 2332 1150 2372 milibus
1182 2345 1329 2384 unum,
