1554 2563
395 89 414 103 Ο

526 123 593 159 XV
606 151 615 169 ,
643 127 826 159 154—225
841 150 849 158 .
961 136 1187 159 pyrum-some
1283 124 1363 166 31}

151 234 300 275 Cuncta
330 235 461 274 iacent
491 233 645 286 media,
678 245 845 285 cumque
877 233 962 273 albo
996 232 1154 273 Lucifer
1185 235 1265 273 exit

67 301 129 332 290
152 293 287 332 Clarus
313 305 445 345 equo3
476 304 694 343 rursusque
726 292 824 332 alius
842 324 854 345 ,
885 304 976 332 cum
1005 294 1161 344 praevia
1191 292 1291 333 lucis

148 351 398 391 Tradendum
427 351 586 390 Phoebo
618 350 824 390 Pallantias
855 351 978 390 inficit
1009 351 1167 391 orbem.

150 410 236 462 Ipse
268 410 330 449 dei
362 410 510 462 clipeus
542 415 647 448 terra
679 421 770 449 cum
800 409 949 449 tollitur
980 410 1057 449 ima

148 469 259 508 Mane
292 468 436 522 rubet,
468 474 652 519 terraque
671 500 682 521 ,
713 467 858 521 rubet,
891 480 981 508 cum
1013 469 1196 508 conditur
1227 470 1328 521 ima3

150 526 346 566 Candidus
377 529 419 566 in
450 539 602 567 summo
635 532 724 579 est,
755 526 893 566 melior
924 532 1064 566 natura
1095 527 1199 579 quod
1230 527 1310 567 illic

65 593 129 624 195
150 585 330 625 Aetheris
362 591 451 638 est,
482 592 690 637 terraeque
722 586 861 637 procul
892 587 1071 637 contagia
1101 586 1223 637 sugit.

149 644 230 684 Nec
261 656 332 696 par
364 651 430 684 aut
463 644 597 683 eadem
628 650 844 683 noeturnae
876 645 1002 683 forma
1034 644 1177 684 Dianae

150 702 248 742 Esse
274 708 405 755 potest
431 715 616 754 umquam
634 734 643 743 .
682 714 915 755 semperque
941 702 1132 742 hodierna
1158 710 1372 757 sequente,

153 761 194 801 Si
227 763 370 801 crescit
387 793 398 814 ‚
430 763 557 801 minor
590 767 678 815 est3
704 763 827 801 maior
846 794 856 814 ,
889 763 922 801 si
954 762 1152 801 contrahit
1183 762 1342 802 orbem.

151 820 253 866 Quid
272 818 293 860 Ῥ
325 832 403 859 non
434 822 475 859 in
507 822 658 872 species
690 820 903 860 succedere
936 826 1121 871 quattuor
1153 833 1301 861 annum

63 886 130 917 200
150 880 302 931 Aspicis
320 910 332 932 ,
363 880 500 918 aetatis
532 885 784 930 peragentem
814 880 1029 919 imitamina
1060 877 1254 920 nostrae?

153 937 251 977 Nam
285 943 397 977 tener
429 943 469 977 et
500 937 646 977 lactens
677 939 870 990 puerique
902 938 1121 978 simillimus
1152 950 1246 978 aevo

153 996 253 1036 Vere
286 1008 385 1035 novo
417 1002 506 1035 est:
538 1002 632 1035 tunc
662 996 784 1036 herba
815 1008 955 1036 recens
987 1002 1027 1036 et
1051 996 1205 1036 roboris
1232 1009 1372 1050 expers

150 1055 328 1108 Turget,
359 1061 398 1094 et
428 1054 592 1094 insolida
624 1060 712 1108 est,
745 1060 784 1094 et
814 1067 884 1107 spe
916 1055 1085 1095 delectat
1115 1061 1314 1107 agrestes,

153 1113 291 1153 Omnia
323 1119 416 1153 tunc
447 1113 618 1165 florent,
649 1113 870 1165 florumque
902 1113 1099 1153 coloribus
1131 1114 1254 1154 almus

64 1179 130 1211 205
152 1172 268 1211 Ludit
287 1184 378 1224 ager
397 1204 407 1224 ,
433 1184 561 1223 neque
587 1171 713 1211 adhuc
739 1174 863 1211 virtus
888 1173 928 1211 in
955 1172 1162 1211 frondibus
1188 1172 1266 1212 ulla
1292 1179 1375 1213 est.

154 1231 312 1270 Transit
342 1232 382 1269 in
414 1236 602 1270 aestatem
631 1236 721 1282 post
751 1243 818 1269 ver
849 1230 1050 1270 robustior
1083 1243 1232 1285 annus,

152 1290 291 1341 Fitque
324 1289 455 1328 valens
487 1290 667 1329 iuvenis:
699 1301 827 1340 neque
859 1291 964 1328 enim
995 1289 1196 1329 robustior
1228 1296 1334 1330 aetas

155 1348 238 1399 Ulla
257 1380 269 1400 ‚
300 1360 374 1387 nec
399 1347 560 1387 uberior
578 1380 590 1400 ,
621 1360 694 1387 nec
726 1360 825 1399 quae
845 1350 967 1399 magis
1000 1348 1156 1401 ardeat,
1181 1348 1259 1388 ulla
1291 1355 1374 1389 est.

154 1406 310 1458 Excipit
340 1412 580 1458 autumnus,
612 1408 739 1458 posito
771 1407 925 1445 fervore
957 1408 1138 1446 iuventae

65 1473 133 1504 210
154 1465 330 1504 Maturus
363 1466 546 1516 mitisque
565 1496 576 1518 ,
607 1466 710 1504 inter
741 1466 1000 1516 iuvenemque
1033 1477 1246 1517 senemque

154 1523 361 1575 Temperie
394 1523 575 1575 medius3
607 1535 766 1574 sparsus
799 1535 956 1574 quoque
988 1529 1164 1575 tempora
1196 1525 1326 1564 canis.

153 1582 246 1622 Inde
279 1582 412 1621 senilis
445 1581 569 1621 hiems
601 1581 769 1621 tremulo
800 1583 908 1621 venit
937 1581 1095 1621 horrida
1127 1594 1269 1635 passu,

154 1642 232 1680 Aut
263 1640 426 1693 spoliata
458 1652 551 1679 suos
570 1671 581 1692 ,
613 1647 708 1693 aut,
740 1652 838 1691 quos
870 1639 987 1679 habet
1004 1672 1015 1693 ,
1047 1640 1131 1680 alba
1162 1641 1346 1693 capillos,

154 1699 295 1738 Nostra
327 1711 483 1750 quoque
514 1700 691 1750 ipsorum
723 1711 878 1750 semper
910 1701 1125 1750 requieque
1158 1702 1242 1739 sine
1274 1700 1352 1740 ulla

68 1765 136 1797 2215
158 1757 332 1810 Corpora
363 1763 601 1810 vertuntur3
632 1769 705 1796 nec
737 1758 841 1808 quod
874 1757 1066 1797 fuimusve
1099 1770 1305 1811 sumusve,

157 1816 251 1856 Cras
284 1818 459 1856 erimus.
498 1816 572 1855 fuit
602 1815 666 1854 illa
698 1815 810 1868 dies,
842 1828 918 1867 qua
949 1818 1098 1856 semina
1130 1822 1281 1857 tantum

156 1875 332 1927 Spesque
363 1875 566 1914 hominum
596 1876 744 1926 primae
776 1876 912 1913 matris
944 1874 1201 1915 cubitavimus
1233 1876 1336 1914 alvo.

156 1934 337 1973 Artifices
369 1940 508 1972 natura
539 1945 677 1972 manus
709 1932 908 1985 admovit,
939 1940 978 1972 et
1009 1935 1098 1985 angi

157 1992 331 2044 Corpora
361 1991 577 2031 visceribus
609 1991 800 2031 distentae
832 1991 988 2031 condita
1018 1993 1155 2031 matris

71 2058 137 2090 ⁶220
156 2050 319 2103 Noluit,
350 2062 450 2102 eque
483 2050 597 2089 domo
630 2062 770 2089 vacuas
803 2051 933 2089 emisit
963 2052 1003 2089 in
1035 2062 1173 2091 auras,

154 2109 293 2148 Editus
324 2110 365 2148 in
395 2109 523 2148 lucem
555 2110 674 2148 iacuit
704 2110 788 2148 sine
819 2107 968 2148 viribus
999 2110 1150 2162 infans3

154 2167 243 2207 Mox
275 2167 498 2219 quadrupes
531 2168 689 2218 rituque
721 2166 811 2206 tulit
842 2178 911 2206 sua
942 2167 1118 2207 membra
1150 2168 1347 2221 serarum;

155 2225 426 2277 Paulatimque
459 2232 631 2265 tremens
664 2231 702 2264 et
733 2225 907 2264 nondum
937 2226 1083 2277 poplite
1116 2227 1228 2266 firmo

157 2284 368 2337 Constitit,
400 2284 542 2323 adiutis
573 2283 701 2335 aliquo
728 2285 931 2323 conamine
963 2286 1116 2337 nervis3

70 2349 135 2381 *225
159 2342 251 2382 inde
282 2342 413 2382 valens
445 2342 633 2394 veloxque
666 2343 739 2382 suit
757 2374 768 2395 ‚
800 2344 1046 2395 spatiumque
1078 2344 1257 2384 iuventae
