1554 2563
114 104 197 144 lOO
369 114 489 138 emmo
664 100 878 136 METAMM
891 126 900 136 .

139 222 208 254 430
228 213 324 253 Ossa
357 213 437 264 pati
468 212 592 251 flexus
610 243 621 264 ,
654 222 805 262 ungues
836 211 1015 262 posuisse
1047 211 1242 262 rigorem:

232 272 440 322 Primaque
473 271 520 309 de
546 276 626 310 tota
658 270 887 309 tenuissima
920 281 1097 321 quaeque
1129 269 1375 320 liquescunt,

230 329 408 368 Caerulci
441 330 571 368 crines
602 328 790 380 digitique
822 334 862 367 et
894 340 1010 367 crura
1041 327 1264 379 pedesque;

229 388 324 427 Nam
357 387 487 427 brevis
517 389 557 426 in
589 386 734 438 gelidas
766 385 953 425 memhris
984 386 1151 426 exilibus
1182 385 1305 425 undas

229 446 436 485 Transitus
468 451 556 485 est.
600 451 689 497 post
720 445 815 484 haec
846 446 974 484 umeri
999 451 1213 496 tergusque
1244 444 1424 495 latusque

142 513 209 544 435
230 505 473 556 Pectoraque
505 506 545 543 in
577 510 716 543 tenues
748 503 894 543 abeunt
925 504 1084 543 evanida
1116 505 1242 542 rivos.

230 563 405 614 Denique
436 575 509 615 pro
540 564 625 602 vivo
656 563 807 602 vitiatas
838 563 1026 614 sanguine
1057 574 1174 601 venas

230 621 403 674 Lympha
425 621 531 661 subit
549 653 560 674 ‚
592 626 791 672 restatque
810 620 906 660 nihil
925 653 936 673 ,
968 620 1071 672 quod
1091 620 1286 672 prendere
1306 620 1449 672 possis.

290 680 444 719 interea
474 679 634 731 pavidae
666 681 903 731 nequiquam
934 679 1010 718 filia
1041 680 1156 718 matri

231 738 423 778 Omnibus
454 744 514 777 est
544 739 660 777 terris
679 770 690 790 ‚
721 739 827 777 omni
859 739 1032 789 quaesita
1062 737 1279 789 profundo.

144 806 212 837 440
233 797 341 836 Illam
374 809 450 836 nou
485 797 571 836 udis
602 798 763 835 veniens
795 796 946 835 Aurora
978 796 1127 848 capillis

232 855 459 895 Cessantem
491 855 613 907 vidit,
645 867 723 893 non
755 854 955 906 Hesperus
975 885 983 893 .
1022 854 1086 894 illa
1117 854 1268 894 duabus

233 914 501 953 Flammiferas
532 915 649 965 pinus
681 913 860 952 manibus
892 913 1096 952 succendit
1126 912 1173 951 ab
1205 913 1327 952 Aetna

232 973 387 1024 Perque
418 975 626 1024 pruinosas
656 971 748 1011 tulit
777 973 997 1023 inrequieta
1028 972 1236 1011 tenebras:

232 1031 385 1071 Rursus
417 1031 485 1070 ubi
516 1031 614 1070 alma
645 1030 728 1069 dies
754 1030 958 1070 hebetarat
988 1030 1116 1069 sidera
1135 1062 1146 1083 ,
1172 1036 1299 1069 natam

147 1098 215 1129 445
237 1090 337 1129 Solis
370 1089 417 1128 ab
449 1102 590 1128 occasu
623 1089 715 1127 solis
747 1089 958 1140 quaerebat
992 1089 1038 1128 ad
1071 1095 1204 1128 ortus.

234 1148 352 1187 Fessa
385 1147 516 1187 labore
549 1149 653 1187 sitim
686 1147 926 1199 collegerat,
958 1160 1103 1198 oraque
1137 1147 1232 1186 nulli

236 1206 462 1245 Colluerant
492 1207 651 1245 fontes:
683 1218 772 1245 cum
804 1212 947 1245 tectam
980 1207 1166 1245 stramine
1198 1205 1294 1245 vidit

235 1265 351 1304 Forte
384 1277 540 1317 casam,
572 1276 788 1316 parvasque
820 1265 925 1304 fores
957 1264 1152 1316 pulsavit.
1191 1270 1228 1303 at
1260 1263 1350 1303 inde

235 1324 371 1362 Prodit.
402 1336 498 1362 anus
518 1355 529 1376 ‚
560 1323 764 1373 divamque
798 1322 929 1375 videt,
961 1323 1234 1375 lymphamque
1266 1324 1416 1374 roganti

147 1390 216 1422 450
236 1381 356 1421 Dulce
389 1382 524 1434 dedit,
555 1387 656 1420 tosta
688 1381 791 1432 quod
824 1387 973 1420 texerat
1004 1388 1093 1421 aute
1124 1381 1305 1433 polenta.

237 1440 336 1480 Dum
368 1440 466 1479 bibit
496 1440 559 1479 illa
591 1440 753 1492 datum,
785 1439 874 1478 duri
904 1451 1003 1492 puer
1035 1442 1115 1478 oris
1147 1446 1186 1479 et
1217 1439 1340 1478 audax

236 1499 420 1537 Constitit
450 1504 539 1537 ante
572 1498 683 1536 deam
701 1529 712 1550 ‚
744 1500 909 1549 risitque
928 1530 939 1551 ‚
970 1499 1196 1549 avidamque
1228 1500 1396 1537 vocavit.

238 1557 394 1596 Offensa
426 1563 515 1609 est,
547 1569 674 1607 neque
708 1556 835 1595 adhuc
868 1562 981 1608 epota
1012 1563 1123 1608 parte
1154 1556 1379 1608 loquentem

236 1615 333 1655 Cum
365 1615 511 1666 liquido
545 1617 662 1653 mixta
694 1615 868 1666 perfudit
898 1615 984 1654 diva
1015 1615 1192 1666 polenta.

148 1681 215 1713 455
237 1673 433 1713 Combibit
469 1685 513 1712 os
550 1673 720 1713 maculas
744 1705 755 1726 ,
794 1680 834 1712 et
872 1685 970 1724 quae
1008 1673 1122 1713 modo
1160 1673 1340 1713 bracchia

1156 1734 1311 1785 gessit,
1347 1741 1375 1767 t.
1395 1740 1439 1766 nx

238 1791 360 1829 Crura
393 1792 522 1842 gerit3
555 1790 676 1829 cauda
708 1797 768 1830 est
800 1792 959 1830 mutatis
990 1791 1118 1830 addita
1149 1790 1358 1830 membris:

237 1849 358 1899 Inque
391 1848 549 1887 brevem
582 1849 775 1901 sormam,
808 1861 856 1887 ne
889 1850 940 1888 sit
970 1851 1027 1888 vis
1059 1861 1195 1900 magna
1228 1849 1418 1901 nocendi,

237 1907 491 1945 Contrahitur
508 1938 520 1959 ,
551 1918 746 1958 parvaque
779 1909 906 1945 minor
937 1918 1120 1946 mensura
1152 1907 1296 1947 lacerta
1328 1913 1409 1947 est.

235 1965 442 2004 Mirantem
473 1965 709 2016 flentemque
742 1970 782 2004 et
813 1971 972 2016 tangere
1004 1972 1179 2005 monstra
1210 1972 1410 2017 parantem

149 2031 216 2063 460
237 2023 352 2074 Fugit
383 2035 499 2062 anum
519 2055 529 2075 ‚
561 2023 826 2074 latebramque
859 2025 983 2076 petit3
1016 2030 1227 2076 aptumque
1258 2024 1399 2075 pudori

236 2081 385 2120 Nomen
418 2081 535 2120 habet
552 2113 563 2134 ,
595 2083 712 2120 variis
744 2082 911 2120 stillatus
943 2094 1106 2133 corpora
1138 2084 1281 2133 guttis.

296 2140 401 2185 Quas
433 2140 503 2178 dea
536 2152 606 2190 per
638 2146 763 2178 terras
795 2146 834 2179 et
864 2152 960 2190 quas
992 2142 1181 2180 erraverit
1211 2141 1358 2192 undas,

238 2197 376 2236 Dicere
409 2197 522 2249 longa
554 2210 660 2237 mora
693 2204 781 2237 est.
820 2200 1023 2249 quaerenti
1056 2199 1180 2238 defuit
1210 2199 1339 2238 orbis.

238 2255 431 2294 Sicaniam
464 2258 636 2307 repetit:
667 2256 839 2307 dumque
871 2258 999 2294 omnia
1030 2256 1170 2295 lustrat
1201 2257 1353 2309 eundo,

150 2322 217 2352 465
238 2312 351 2352 Venit
383 2320 422 2352 et
453 2314 500 2352 ad
533 2314 687 2365 Cyanen
707 2345 715 2353 .
755 2326 799 2352 ea
831 2315 871 2353 ni
902 2320 1045 2353 mutata
1080 2315 1241 2368 fuisset,
