1554 2563
584 116 635 152 IV
649 145 657 160 ,
683 121 869 153 648—720
883 146 890 152 .
1015 130 1225 152 ANDnom-:DA
1343 115 1397 157 85

101 234 166 266 685
188 227 351 278 Saepius
382 228 573 280 instanti,
605 239 674 266 sua
707 239 754 266 ne
787 226 927 266 delicta
960 227 1071 266 fateri

185 285 296 324 Nolle
327 285 555 338 videretur,
587 297 729 324 nomen
762 291 969 337 terraeque
1002 298 1219 338 suumque,

187 343 417 395 Quantaque
450 350 647 383 maternae
680 344 799 383 suerit
830 344 969 383 fiducia
997 344 1166 396 formae,

187 402 361 441 Indicat.
401 408 441 441 et
472 402 645 441 nondum
677 403 901 442 memoratis
931 402 1113 442 omnibus
1146 402 1248 442 unda

187 460 394 513 insonuit,
425 462 665 512 veniensque
696 462 874 500 inmenso
906 460 1020 500 belua
1051 467 1171 513 ponto

100 527 167 560 690
187 519 368 558 Imminet
399 525 438 558 et
468 518 590 559 latum
622 519 694 559 sub
726 525 886 571 pectore
919 519 1094 571 possidet
1124 532 1293 571 aequor.

187 578 410 617 Conclamat
441 579 578 629 virgo.
617 580 771 629 genitor
802 577 979 629 lugubris
1011 585 1050 617 et
1083 590 1158 618 una

187 636 309 676 Mater
341 636 480 689 adest,
511 636 624 675 ambo
657 638 820 690 miseri,
852 637 920 676 sed
953 638 1095 676 iustius
1128 637 1213 676 illa.

186 695 266 734 Nec
299 707 434 734 secum
466 695 652 735 auxilium
670 727 681 748 ,
707 696 776 734 sed
808 695 946 747 dignos
979 701 1155 747 tempore
1188 696 1302 735 ssetus

186 753 497 805 Plangoremque
517 754 651 793 ferunt
661 786 673 807 ‚
699 755 908 805 vinctoque
929 756 968 793 in
991 766 1156 806 corpore
1177 755 1408 795 adhaerent:

100 819 167 852 695
189 812 286 852 Cum
318 814 374 852 sic
407 812 549 865 hospes
580 814 662 853 ait:
694 809 957 852 ‘lacrimarum
989 812 1101 864 longa
1134 825 1290 853 manere

185 870 378 923 Tempora
412 883 478 910 vos
510 877 728 924 poterunt;
759 871 805 910 ad
837 883 951 923 opem
982 871 1112 911 brevis
1150 872 1243 911 hora

1095 932 1295 970 serendam
1328 938 1407 971 est.

187 987 296 1028 Hanc
328 1001 399 1040 ego
432 990 464 1028 si
496 995 672 1041 peterem
704 988 874 1028 Perseus
904 988 992 1028 Iove
1025 995 1140 1029 natus
1171 996 1210 1029 et
1241 989 1327 1043 illa,

188 1047 314 1093 Quam
346 1047 517 1087 clausam
548 1047 723 1099 implevit
754 1047 920 1086 fecundo
952 1046 1128 1099 Iuppiter
1160 1060 1281 1101 auro,

188 1106 381 1158 Gorgonis
413 1107 666 1157 anguicomae
698 1105 868 1145 Perseus
901 1111 1138 1160 superator,
1170 1112 1210 1146 et
1241 1107 1309 1146 alis

106 1173 172 1205 700
191 1165 326 1204 Aerias
358 1176 477 1204 ausus
509 1165 659 1203 iactatis
691 1165 749 1204 ire
782 1176 853 1216 per
883 1176 1022 1217 auras,

187 1223 415 1262 Praeferrer
447 1225 598 1262 cunctis
631 1230 737 1262 certe
770 1235 919 1273 gener.
958 1223 1100 1262 addere
1133 1225 1250 1264 tantis

189 1281 353 1321 Dotibus
384 1288 424 1321 et
455 1283 638 1321 meritum
657 1313 668 1333 ,
700 1283 852 1320 faveant
883 1281 997 1320 modo
1018 1285 1177 1322 numina
1195 1316 1207 1336 ‚
1240 1291 1406 1335 tempto.

190 1340 238 1380 Ut
268 1352 354 1380 mea
386 1342 437 1380 sit
467 1347 617 1380 servata
650 1352 734 1379 mea
766 1341 909 1380 virtute
928 1372 939 1393 ,
970 1342 1148 1392 paciscor
1162 1338 1188 1381 .'

188 1400 397 1451 Accipiunt
415 1398 541 1450 legem
562 1420 616 1427 —
638 1400 725 1450 quis
747 1400 850 1438 enim
876 1398 1074 1439 dubitaret
1092 1398 1114 1438 Ῥ
1140 1422 1194 1429 —
1217 1407 1256 1440 et
1275 1407 1411 1454 orant,

101 1466 167 1498 705
188 1458 507 1509 Promittantque
539 1470 660 1510 super
691 1469 856 1509 regnum
889 1458 1015 1496 dotale
1048 1466 1254 1509 parentes.

189 1515 290 1555 Ecce
323 1516 429 1555 velut
461 1518 567 1555 navis
598 1516 769 1568 praefixo
802 1518 954 1555 concita
987 1524 1115 1555 rostro

190 1575 324 1614 Sulcat
354 1587 503 1626 aquas,
535 1577 720 1613 iuvenum
751 1574 982 1614 sudantibus
1015 1582 1098 1614 acta
1131 1574 1310 1628 lacertis,

191 1633 256 1673 Sic
287 1634 369 1672 sera
401 1633 558 1672 dimotis
590 1632 760 1685 impulsu
792 1635 963 1685 pectoris
997 1634 1110 1672 undis

189 1691 356 1731 Tantum
390 1691 524 1731 aberat
555 1691 727 1743 scopulis
745 1723 756 1742 ,
789 1697 977 1743 quantum
1009 1691 1203 1732 Balearica
1237 1698 1338 1733 torto

102 1758 169 1791 ‘110
189 1750 323 1790 Fun-da
356 1757 485 1802 potest
516 1749 675 1802 plumbo
707 1749 825 1789 medii
857 1752 1124 1790 transmittere
1157 1750 1276 1791 caeli:

190 1809 287 1849 Cum
319 1809 448 1848 subito
481 1810 632 1848 iuvenis
663 1808 829 1860 pedibus
861 1809 999 1848 telhire
1032 1809 1187 1861 repulsa

187 1867 344 1907 Arduus
376 1870 415 1907 in
448 1867 574 1907 nubes
605 1867 727 1907 abiit.
765 1874 809 1907 ut
840 1868 880 1906 in
912 1880 1082 1919 aequore
1114 1880 1267 1907 summo

188 1926 333 1967 Umbra
365 1928 438 1966 viri
469 1928 549 1966 visa
581 1932 670 1978 est,
702 1927 824 1966 visam
856 1927 935 1965 fera
975 1927 1096 1966 saevit
1132 1928 1171 1966 in
1211 1926 1385 1967 umbram

188 1984 316 2037 thue
348 1984 449 2024 Iovis
480 1997 645 2037 praepes
664 2017 675 2037 ,
706 1997 827 2024 vacuo
860 1997 949 2024 cum
982 1985 1077 2024 vidit
1106 1986 1146 2024 in
1180 1997 1270 2024 arvo

104 2051 170 2083 715
190 2043 449 2084 Praebentem
480 2043 639 2083 Phoebo
672 2044 828 2083 liventia
861 2049 969 2094 terga
1001 2043 1235 2096 draconem,

191 2102 366 2155 Occupat
397 2115 605 2155 aversum3
637 2115 713 2142 neu
746 2114 857 2141 saeva
889 2108 1116 2153 retorqueat
1146 2114 1236 2154 ora,

191 2161 457 2214 Squamigeris
489 2161 620 2200 avidos
652 2162 736 2213 figit
767 2160 985 2200 cervicibus
1018 2173 1193 2212 ungues:

192 2220 257 2259 Sic
289 2220 408 2259 celeri
440 2221 583 2259 missus
614 2232 804 2272 praeceps
835 2231 906 2271 per
937 2221 1052 2258 inane
1083 2219 1212 2259 volatu

189 2278 316 2330 Terga
347 2279 452 2318 ferae
483 2280 657 2331 pressit,
688 2278 905 2329 dextroque
938 2278 1143 2317 frementis
1174 2279 1214 2317 in
1246 2290 1352 2317 armo

104 2345 171 2377 ’120
190 2336 394 2377 Inachides
425 2338 575 2377 serrum
606 2349 726 2377 curvo
759 2343 874 2376 tenus
905 2336 1052 2376 abdidit
1082 2336 1217 2375 hamo.
