1554 2563
504 102 612 147 xm,
639 104 846 137 307-380.
990 113 1114 137 mm
1259 98 1344 140 265

122 210 267 251 Verum
300 213 415 250 etiam
449 223 620 250 summas
651 223 761 250 arces
794 212 941 250 intrare
973 222 1120 262 suaque

35 277 102 310 345
122 269 287 322 Eripere
320 269 414 309 aede
452 270 592 323 deam,
623 275 852 321 raptamque
890 269 1043 309 adferre
1075 280 1146 320 per
1177 264 1346 307 hostes?

126 328 232 375 Quae
265 329 341 367 nisi
373 329 582 381 fecissem,
614 329 760 368 frustra
792 327 1000 368 Telamone
1035 333 1189 367 creatus

124 387 323 427 Gestasset
353 386 459 426 laeva
490 392 694 426 taurorum
726 392 881 438 tergora
914 393 1086 438 septem.

124 445 191 485 Illa
223 450 337 485 nocte
370 445 465 485 mihi
496 445 635 485 Troiae
667 447 829 485 victoria
860 451 971 498 parta
1004 451 1092 485 est:

122 504 309 556 Pergama
340 509 435 544 tunc
467 505 569 556 vici,
602 516 691 543 cum
722 505 824 544 vinci
854 516 969 555 posse
1002 505 1132 555 coegi.

37 570 105 603 350
125 563 266 603 Desine
298 562 473 615 Tydiden
506 562 694 614 vultuque
727 568 766 602 et
797 575 999 602 murmure
1032 561 1145 602 nobis

125 621 332 662 Ostentare
364 633 523 661 meum.
561 633 652 672 pars
685 627 746 660 est
776 633 845 661 sua
877 621 1001 660 laudis
1032 622 1072 660 in
1103 620 1191 659 illo.

124 680 204 720 Nec
236 686 278 720 tu
298 712 309 733 ‚
342 692 431 720 cum
465 681 569 719 socia
601 680 771 732 clipeum
801 692 872 732 pro
906 680 1030 719 classe
1062 678 1246 731 tenebas,

126 739 240 779 Solus
273 751 388 778 eras.
426 738 498 778 tibi
528 738 643 778 turba
676 750 836 791 comes,
868 738 962 777 mihi
995 739 1159 789 contigit
1189 748 1316 777 unus.

126 798 202 844 Qui
233 798 309 836 nisi
340 809 558 849 pugnacem
590 799 710 837 sciret
742 799 915 849 sapiente
949 798 1141 836 minorem

37 863 104 896 355
125 857 222 896 Esse
241 888 252 909 ,
283 868 356 895 nec
387 856 597 895 indomitae
630 856 765 895 deberi
797 857 968 907 praemia
1000 855 1183 908 dextrae,

126 915 213 967 Ipse
246 926 402 966 quoque
434 915 530 954 haec
561 920 743 966 peteret.
780 920 935 966 peteret
965 914 1204 953 moderatior
1231 913 1347 964 Aiax,

126 973 428 1025 Eurypylusque
461 974 571 1013 ferox
589 1005 601 1025 ,
633 973 816 1024 claroque
848 973 1119 1012 Andraemone
1152 977 1290 1024 natus3

125 1033 206 1072 Nec
239 1034 368 1072 minus
400 1031 632 1071 idomeneus
651 1063 662 1084 ,
693 1033 896 1084 patriaque
930 1037 1085 1071 creatus
1117 1031 1254 1070 eadem

126 1091 349 1143 Meriones;
380 1096 534 1142 peteret
565 1092 723 1130 maioris
755 1091 877 1130 frater
907 1090 1089 1129 Atridae:

39 1158 107 1189 360
128 1150 280 1202 Quippe
313 1161 429 1189 manu
462 1150 584 1188 fortes
616 1161 688 1188 nec
721 1155 813 1189 sunt
842 1149 939 1188 mihi
969 1148 1091 1187 Marte
1125 1148 1311 1200 secundi,

128 1208 308 1248 Consiliis
341 1220 496 1247 cessere
528 1209 653 1247 meis.
692 1207 763 1247 tibi
796 1207 956 1246 dextera
982 1206 1083 1246 bello

126 1267 268 1319 Utilis3
299 1268 499 1318 ingenium
531 1272 618 1319 est,
651 1267 755 1317 quod
787 1272 874 1318 eget
899 1266 1165 1305 moderamine
1192 1270 1350 1304 nostro,

127 1326 187 1365 Tu
218 1327 321 1364 vires
354 1326 438 1365 sine
470 1330 600 1365 mente
633 1326 767 1376 geris:
804 1325 900 1363 mihi
932 1337 1026 1364 cura
1058 1325 1203 1363 futuri.

127 1384 186 1423 Tu
217 1396 392 1435 pugnare
424 1389 565 1435 potes:
597 1383 797 1435 pugnandi
828 1389 1006 1435 tempora
1037 1395 1193 1421 mecum

39 1450 107 1482 365
127 1443 245 1494 Eligit
275 1442 458 1481 Atrides.
496 1447 538 1482 tu
569 1447 721 1482 tantum
753 1453 918 1493 corpore
949 1441 1117 1493 prodes,

128 1501 207 1541 Nos
240 1502 396 1540 animo.
436 1506 659 1552 quantoque
692 1505 816 1539 ratem
850 1501 917 1551 qui
948 1505 1170 1552 temperat,
1202 1501 1325 1539 anteit

134 1559 306 1610 Remigis
339 1559 540 1611 officium,
572 1564 716 1610 quanto
749 1558 827 1598 dux
859 1558 981 1597 milite
1012 1559 1160 1610 maior,

128 1618 298 1658 Tantum
329 1630 400 1669 ego
433 1623 471 1657 te
504 1629 676 1669 supero.
715 1629 789 1657 nec
825 1629 904 1656 non
941 1618 981 1656 in
1014 1628 1180 1668 corpore
1218 1622 1353 1656 nostro

128 1677 294 1717 Pectora
326 1682 418 1716 sunt
449 1678 600 1728 potiora
632 1688 778 1728 manu;
810 1677 919 1727 vigor
951 1677 1077 1714 omnis
1109 1676 1150 1714 in
1181 1675 1281 1715 illis.

41 1743 110 1775 370
130 1736 178 1775 At
208 1747 276 1774 vos
294 1767 306 1788 ,
337 1747 358 1774 ο
391 1747 577 1787 proceres
596 1766 607 1788 ,
638 1735 743 1786 vigili
775 1734 862 1773 date
894 1736 1066 1786 praemia
1098 1739 1253 1787 vestro;

30 1802 32 1804 ·
129 1794 285 1845 Proque
318 1798 376 1833 tot
407 1805 598 1833 annorum
631 1805 725 1833 cura
743 1824 754 1846 ,
787 1792 930 1844 quibus
963 1794 1100 1832 anxius
1134 1794 1218 1845 egi,

130 1852 244 1892 Hunc
275 1852 434 1892 titulum
465 1853 615 1891 meritis
647 1851 891 1904 pensandum
923 1851 1074 1890 reddite
1107 1851 1277 1890 nostris.

130 1911 210 1950 lam
240 1910 349 1950 labor
381 1912 420 1950 in
453 1911 529 1950 fine
562 1916 650 1963 est,
683 1910 878 1949 obstantia
910 1910 986 1949 sata
1018 1910 1188 1960 removi,

130 1970 293 2021 Altaque
325 1982 440 2021 posse
474 1970 559 2021 capi
592 1969 767 2008 faciendo
801 1968 990 2019 Pergama
1009 1999 1019 2019 ,
1052 1969 1160 2018 cepi.

42 2035 109 2067 375
130 2028 206 2067 Per
238 2040 327 2080 spes
358 2040 464 2068 nunc
496 2029 620 2067 socias
653 2039 869 2078 casuraque
900 2027 1053 2065 moenia
1085 2025 1258 2076 Troum,

130 2086 285 2138 Perque
318 2086 411 2126 deos
444 2099 512 2125 oro
531 2118 542 2139 ,
575 2098 673 2137 quos
705 2085 809 2124 hosti
840 2097 968 2136 nuper
1000 2084 1150 2137 ademi,

130 2144 206 2185 Per
239 2145 367 2196 siquid
401 2150 612 2197 superest,
645 2143 748 2196 quod
781 2144 832 2182 sit
863 2144 1061 2194 sapienter
1093 2142 1310 2194 agendum,

134 2203 273 2255 Siquid
307 2203 433 2242 adhuc
465 2203 588 2243 audax
622 2215 668 2241 ex
705 2203 990 2254 praecipitique
1028 2201 1242 2253 petendum
1275 2205 1358 2253 est,

133 2260 195 2312 [Si
226 2261 366 2301 Troiae
398 2262 488 2301 fatis
521 2260 665 2312 aliquid
698 2267 847 2300 restare
878 2261 1025 2312 putatis
1037 2259 1067 2312 ,]

42 2326 111 2360 380
132 2319 227 2360 Este
259 2321 337 2360 mei
368 2319 594 2360 memores!
628 2324 694 2360 aut
726 2321 758 2359 si
789 2318 885 2358 mihi
916 2330 995 2358 non
1022 2319 1121 2358 datis
1153 2329 1282 2363 arma,
