1554 2563
151 134 238 176 306
371 145 566 167 myscmnus
701 130 916 166 METAMM
930 158 938 166 .
974 107 976 109 >

271 243 397 282 Huius
429 253 537 280 amor
570 252 717 294 curae,
747 242 871 293 patria
904 240 1152 292 Curibusque
1184 241 1354 294 relictis,

271 302 407 353 Fecit,
437 306 482 340 ut
512 299 698 339 Herculei
729 305 956 351 penetraret
986 299 1033 338 ad
1064 300 1229 351 hospitis
1261 299 1423 341 urbem.

270 360 383 399 Graia
415 360 503 410 quis
534 358 677 398 Italicis
709 364 845 398 auctor
876 360 1074 410 posuisset
1097 360 1137 397 in
1169 360 1248 398 oris

207 428 251 458 10
270 418 423 458 Moenia
442 449 453 470 ‚
485 418 689 468 quaerenti
721 419 778 456 sic
810 429 831 456 e
863 416 1083 456 senioribus
1115 429 1218 456 unus

270 476 435 516 Rettulit
466 476 659 527 indigenis
684 507 695 528 ,
726 476 870 515 veteris
902 487 980 514 non
1011 476 1159 514 inscius
1191 477 1294 516 aevi:

271 534 400 575 ‘Dives
432 534 478 574 ab
512 534 666 573 Oceano
699 533 828 573 bubus
854 533 943 573 Iove
975 539 1090 573 natus
1121 533 1278 573 Hiberis

270 594 401 633 Litora
432 593 535 632 felici
566 594 740 632 tenuisse
772 592 927 632 Lacinia
960 604 1079 632 cursu

269 653 412 692 Fertur
436 683 447 705 ‚
479 657 518 691 et
550 657 726 690 armento
758 657 913 690 teneras
946 656 1102 691 errante
1134 664 1206 703 per
1236 651 1376 691 herbas

205 711 356 763 151pse
389 711 547 750 domum
579 712 707 761 magni
739 722 812 749 nec
843 710 1037 761 inhospita
1069 715 1170 749 tecta
1202 710 1382 750 Crotonis

268 770 439 809 Intrasse
471 775 510 808 et
541 771 677 820 requie
708 768 867 820 longum
898 768 1090 808 relevasse
1122 768 1318 822 laborem3

269 829 394 880 Atque
425 829 479 867 ita
510 828 746 881 discedens,
778 823 920 866 “aevo'
952 826 1096 866 dixisse
1130 824 1333 879 ‘nepotum

269 886 340 926 Hic
366 886 475 926 locus
507 886 616 925 urbis
649 887 724 925 erit
744 882 784 925 .''
816 887 1087 937 promissaque
1118 898 1208 925 vera
1240 887 1422 927 fuerunt.

269 946 365 985 Nam
398 946 471 984 fuit
502 944 681 996 Argolico
714 950 923 996 generatus
954 944 1141 984 Alemone
1174 944 1330 996 quidam

205 1013 250 1044 20
270 1004 460 1056 Myscelos
479 1035 490 1057 ‚
520 1003 626 1043 illius
658 1003 717 1042 dis
749 1004 1046 1055 acceptissimus
1079 1004 1183 1042 aevi.

268 1063 382 1102 Hunc
414 1074 533 1115 super
565 1061 796 1101 incumbens
828 1074 1009 1113 pressum
1040 1063 1227 1114 gravitate
1259 1064 1411 1114 soporis

270 1121 445 1173 Claviger
476 1121 716 1172 alloquitur:
748 1117 924 1172 “patrias
942 1152 954 1172 ‚
985 1132 1054 1172 age
1073 1152 1085 1173 ,
1116 1121 1254 1160 desere
1287 1120 1424 1161 sedes:

268 1180 314 1232 1,
344 1185 434 1231 pete
467 1179 611 1218 diversi
642 1178 833 1231 lapidosas
866 1180 1020 1218 Aesaris
1052 1176 1208 1218 undas''

268 1237 347 1291 Et,
378 1239 453 1277 nisi
484 1239 689 1289 paruerit,
721 1237 842 1277 multa
873 1249 916 1276 ac
948 1237 1157 1277 metuenda
1188 1239 1380 1278 minatur.

203 1304 247 1336 25
268 1297 363 1336 Post
394 1308 438 1335 ea
471 1296 676 1335 discedunt
707 1297 854 1348 pariter
886 1308 1125 1347 somnusque
1158 1296 1357 1348 deusque:

271 1355 404 1406 Surgit
435 1354 681 1394 Alemonides
713 1356 907 1405 tacitaque
940 1356 1113 1394 recentia
1145 1360 1276 1394 mente

269 1413 357 1453 Visa
389 1414 540 1465 refert,
571 1418 797 1465 pugnatque
828 1413 895 1452 diu
928 1415 1121 1452 sententia
1153 1425 1309 1453 secum.

269 1472 424 1511 Numen
457 1471 564 1511 abire
596 1471 734 1511 iubet:
764 1470 976 1523 prohibent
1006 1471 1209 1511 discedere
1241 1472 1370 1524 leges,

268 1531 476 1582 Poenaque
508 1542 614 1569 mors
645 1531 772 1582 posita
803 1535 864 1569 est
893 1531 1058 1581 patriam
1089 1535 1241 1570 mutare
1272 1530 1416 1572 volenti

202 1598 247 1629 30
269 1589 464 1628 Candidus
497 1588 652 1628 Oceano
685 1588 851 1628 nitidum
884 1594 1000 1640 caput
1031 1588 1232 1628 abdiderat
1264 1588 1353 1640 Sol,

267 1648 318 1687 Et
343 1654 460 1699 caput
490 1647 683 1687 extulerat
713 1646 943 1686 densissima
976 1647 1173 1686 sidereum
1203 1646 1311 1687 Nox:

268 1706 384 1746 Visus
416 1706 552 1745 adesse
584 1706 688 1745 idem
719 1706 816 1745 deus
849 1712 911 1744 est
942 1706 1155 1757 eademque
1187 1718 1370 1758 monere,

268 1764 346 1818 Et,
377 1765 454 1803 nisi
484 1766 689 1817 paruerit,
719 1764 831 1816 plura
863 1769 902 1803 et
933 1766 1108 1815 graviora
1141 1766 1302 1803 minari.

266 1823 503 1863 Pertimuit.
540 1824 800 1874 patriumque
821 1822 937 1861 simul
967 1823 1184 1862 transferre
1215 1822 1375 1874 parabat

202 1882 311 1922 351n
343 1881 456 1921 sedes
487 1881 688 1933 penetrale
720 1893 837 1920 novas
855 1912 867 1933 ‚
898 1881 941 1919 fit
971 1893 1150 1920 murmur
1181 1882 1220 1920 in
1252 1881 1374 1933 urbe,

269 1940 576 1992 Spretarumque
609 1941 735 1991 agitur
766 1939 896 1991 legum
926 1950 1047 1978 reus.
1086 1945 1207 1990 utque
1239 1945 1396 1991 peracta
1428 1945 1487 1980 est

267 1998 392 2038 Causa
422 1999 530 2050 prior
549 2030 560 2051 ,
592 1999 820 2049 crimenque
858 2002 965 2049 patet
1002 1999 1085 2036 sine
1125 2002 1225 2036 teste
1256 1997 1486 2051 probatum,

269 2056 478 2109 Squalidus
510 2057 556 2095 ad
589 2068 754 2108 superos
786 2055 926 2095 tollens
957 2067 1050 2095 reus
1082 2067 1150 2094 ora
1181 2068 1398 2108 manusque

269 2113 332 2155 ’Ὃ
366 2116 430 2154 cui
459 2116 522 2154 ius
554 2114 650 2154 caeli
680 2114 740 2154 bis
772 2126 840 2154 sex
874 2115 1003 2153 fecere
1028 2113 1204 2167 labores,

203 2182 248 2214 40
270 2174 345 2213 Fer
364 2205 376 2226 ,
406 2170 563 2225 precor'
596 2174 724 2224 inquit
756 2169 913 2225 ‘opeml
948 2184 1037 2211 nam
1068 2178 1110 2212 tu
1142 2172 1237 2211 mihi
1269 2174 1443 2213 criminis

1293 2237 1429 2271 auctor
1442 2227 1484 2271 .'’
1539 2254 1545 2260 ·

267 2290 350 2329 Mos
382 2296 467 2329 erat
497 2291 680 2342 antiquus
712 2291 834 2329 niveis
866 2290 1041 2341 atrisque
1072 2288 1236 2343 lapillis,

268 2347 336 2387 llis
368 2347 551 2387 damnare
583 2360 672 2387 reos
690 2380 702 2400 ‚
733 2348 808 2387 illis
839 2347 1038 2387 absolvere
1071 2347 1205 2400 culpa.
