1523 2568
488 580 966 630 EMENDATIONIS

82 674 457 719 CONSPEOTUS
489 674 565 716 ET
597 672 907 715 RATIONES.
967 672 1367 715 RETRACTATA

176 782 282 823 LIB.
314 781 335 822 Ι
372 797 408 823 v.
440 781 467 822 2
506 791 663 832 ILLAC,
710 784 814 832 quod
853 783 957 831 dedi,
998 783 1126 831 magis
1166 794 1211 820 eo
1250 781 1395 831 signifi-

59 847 150 883 catu
174 844 377 893 intellego,
403 855 479 892 quo
507 846 567 881 est
593 851 639 880 Iv
660 843 743 880 435
773 850 858 879 VIII
880 842 975 890 186,
1001 842 1132 879 eadem
1158 842 1254 890 290,
1279 852 1398 889 quam

60 916 136 953 quo
167 911 216 941 IV
238 904 322 940 360
355 903 425 940 aut
453 901 494 938 in
524 902 608 938 loco
635 913 659 937 a
682 913 744 938 me
771 903 944 938 correcto
976 907 1062 937 XIII
1084 901 1180 938 694.
1229 911 1397 947 namque

60 962 147 1000 viae
174 961 367 1011 quaedam
392 960 596 997 faciendae
628 960 760 1008 imago
786 959 1031 1006 obversatur,
1063 958 1206 1007 longae
1236 969 1308 1006 per
1337 960 1399 995 tot

61 1023 230 1070 aetates,
267 1022 471 1058 tortuosae
509 1020 550 1055 et
584 1018 841 1066 confragosae
880 1020 1042 1065 propter
1075 1016 1301 1065 argumenti
1332 1028 1397 1054 va-

60 1080 242 1117 rietatem
274 1080 315 1116 et
344 1077 573 1126 novitatem,
605 1077 708 1114 'mter
733 1076 931 1114 Romanos
963 1079 1080 1122 certe,
1112 1078 1158 1112 ut
1189 1074 1288 1112 alias
1316 1075 1398 1123 glo-

61 1138 157 1175 riari
195 1136 346 1175 solitus.
407 1136 448 1172 in
485 1147 532 1173 ea
561 1135 627 1174 via
657 1135 769 1172 velut
806 1146 876 1182 per
908 1133 1100 1172 stationes
1133 1133 1213 1171 suis
1245 1133 1397 1171 vicibus

60 1196 125 1234 dei
161 1195 280 1233 duces
318 1196 359 1233 et
397 1194 559 1232 comites
601 1195 856 1242 expetuntur,
897 1193 966 1241 qui
1007 1195 1077 1230 aut
1117 1192 1240 1241 aliqui
1280 1192 1398 1230 rebus

60 1255 271 1303 intersunt,
304 1256 373 1291 aut
405 1255 580 1291 suasmet
611 1253 688 1300 ipsi
718 1252 866 1290 formas
898 1253 1066 1289 mutant.
1116 1251 1398 1299 parentheseos

60 1314 165 1351 idem
209 1313 249 1350 in
292 1311 430 1350 eadem
473 1311 672 1349 sententia
712 1310 822 1348 locus
865 1312 906 1348 et
951 1310 1091 1348 modus
1138 1313 1200 1347 est
1239 1318 1287 1347 IV
1316 1310 1395 1347 661

62 1380 148 1410 XIII
168 1372 264 1409 597.
313 1370 431 1408 huius
456 1369 797 1418 interpretationis
829 1368 1092 1418 perspicuitas
1119 1368 1225 1417 perit
1250 1367 1291 1405 in
1315 1367 1399 1406 vul-

62 1433 159 1480 gata
183 1430 392 1478 scriptura.
443 1440 659 1477 pronomen
690 1428 780 1466 illas
809 1427 909 1464 nihil
941 1427 1047 1476 dicit,
1079 1426 1174 1476 quin
1204 1426 1311 1464 ultro
1343 1426 1397 1463 in-

62 1489 290 1538 tellegatur,
323 1488 430 1526 tollit
455 1487 552 1525 adeo
578 1487 677 1524 illud
704 1486 752 1523 de
776 1486 941 1523 mutatis
968 1485 1051 1523 deis
1077 1485 1192 1534 ipsis3
1226 1496 1269 1522 ac
1296 1485 1397 1534 quod

64 1546 262 1585 antecedit
293 1549 326 1584 et
357 1548 426 1583 aut
457 1545 677 1583 sententiae
710 1544 934 1582 molestiam
966 1546 1035 1581 aut
1067 1543 1259 1581 sermonis
1291 1549 1400 1581 creat

63 1605 324 1644 insolentiam.
387 1604 552 1653 Hauptii
597 1603 673 1641 fuit
712 1603 938 1652 explicatio,
979 1605 1024 1641 ut
1067 1601 1131 1640 dei
1168 1602 1399 1640 invocentur

64 1665 148 1702 eius
179 1663 381 1713 potentiae
413 1663 587 1712 nomine,
625 1662 734 1700 cuius
772 1662 876 1700 inter
914 1661 992 1699 alia
1028 1661 1121 1699 illae
1158 1661 1400 1698 mutationes

63 1723 340 1761 documentum
373 1721 467 1760 sint:
500 1721 579 1769 cui,
612 1721 646 1759 si
677 1720 893 1769 optandum
925 1721 1041 1769 esset,
1072 1719 1325 1768 praeferrem,
1357 1726 1402 1756 ut

63 1781 319 1831 neglegentia
355 1783 495 1829 poetae
527 1781 748 1827 excusetur,
780 1778 920 1817 similis
952 1778 1197 1816 Horatianae
1228 1776 1350 1815 Serm.
1382 1785 1400 1816 1

68 1839 91 1875 6
126 1841 220 1888 101,
252 1851 329 1888 qua
358 1839 476 1877 nimis
509 1838 694 1887 ambigue
726 1841 758 1875 et
790 1850 861 1886 pro
889 1848 1033 1885 quoque
1058 1836 1213 1885 dixerit,
1244 1835 1303 1874 uti
1334 1848 1401 1885 po-

65 1899 145 1936 suit
183 1899 296 1936 etiam
332 1905 382 1936 IX
401 1898 485 1936 433
521 1898 602 1935 652
642 1904 728 1934 XIII
750 1897 822 1945 843
861 1908 978 1934 sensu
1016 1908 1079 1944 eo,
1116 1907 1193 1944 quo
1231 1894 1304 1933 hoc
1341 1900 1402 1932 est

65 1965 95 1995 X
123 1957 218 1995 223.
272 1956 411 1994 fecisse
448 1955 606 1994 videtur
643 1955 762 1993 etiam
795 1962 878 1992 VIII
906 1957 1002 2003 247,
1045 1955 1210 2003 putatur
1246 1961 1276 1992 X
1304 1953 1402 1991 501.

55 2015 133 2054 sed
165 2015 268 2053 enim
299 2013 370 2064 „e’v
402 2011 507 2066 ἀρχῇ
540 2012 746 2062 ποιήεεω(
774 2009 1024 2060 παράλογον
1050 2009 1100 2050 οὐ
1127 2010 1179 2060 μὴ
1205 2008 1401 2060 ποιή(ω“.

186 2071 238 2111 15
271 2073 433 2119 UTQUE
473 2081 596 2111 ERAT
634 2081 694 2110 ET
740 2079 920 2109 'rannus
955 2078 1080 2109 1LL1c
1118 2078 1178 2108 ET
1217 2077 1400 2108 PONTUS

66 2141 124 2170 ΕΤ
157 2140 260 2170 AER.
311 2132 443 2180 sprevi
474 2131 856 2170 observatiunculam
889 2131 936 2168 de
973 2133 1016 2168 ut
1051 2141 1123 2179 pro
1158 2130 1224 2167 ubi
1260 2129 1402 2178 posito,

65 2203 165 2240 quae
197 2193 285 2229 orta
316 2190 474 2228 videtur
505 2203 526 2228 e
558 2190 798 2239 comparatis
830 2188 983 2226 duabus
1016 2187 1244 2238 scripturis,
1282 2187 1404 2235 thue

65 2252 147 2288 erat
176 2250 285 2287 tellus
315 2250 394 2287 illic
425 2252 459 2287 et
489 2243 591 2300 (cod.
616 2248 751 2297 Bern.;
784 2259 884 2295 mm,
915 2254 1024 2296 puto,
1055 2242 1148 2298 fuit)
1180 2248 1222 2283 et
1247 2245 1404 2294 Quaque

63 2309 139 2356 fuit
170 2308 278 2347 tellus
307 2307 386 2347 illic
416 2311 459 2346 ut
489 2303 666 2359 (Porph.,
698 2319 744 2344 ex
775 2309 889 2355 parte
921 2306 973 2354 M,
1006 2299 1203 2356 manua),
1235 2316 1402 2354 quarum
