1554 2563
605 113 638 147 Π
655 140 665 157 ‚
690 115 876 147 431-504
891 139 898 147 .
1054 121 1219 145 canms‘ro
1369 104 1423 147 35

202 224 325 264 Causa
357 235 488 263 morae
509 222 614 262 nulla
641 229 701 261 est
719 254 730 273 ,
762 227 802 261 et
820 222 896 260 iam
916 233 1015 273 puer
1034 220 1153 259 Arcas
1169 217 1276 257 —id
1297 219 1424 269 ipsum

204 283 375 322 Indoluit
405 282 503 321 Iuno
535 302 590 309 —
618 281 746 320 fuerat
777 279 824 319 de
856 279 1003 332 paelice
1035 284 1172 318 natus.

114 350 182 381 470
204 342 289 388 Quo
322 341 437 380 simul
470 339 639 379 obvertit
670 350 821 378 saevam
854 350 944 378 cum
975 338 1121 377 lumine
1154 341 1350 387 mentem,

203 398 378 439 ‘Scilicet
408 399 482 438 hoc
514 400 632 438 etiam
663 397 864 450 restabat,
896 396 1069 436 adultera
1089 393 1114 447 ‚³
1148 395 1245 434 dixit

204 457 269 498 ‘Ut
301 458 467 498 fecunda
499 458 603 496 fores
622 457 849 509 ‚fieretque
880 455 1024 495 iniuria
1053 461 1167 506 partu

204 517 332 570 Nota,
365 516 543 567 Iovisque
576 517 652 555 mei
683 521 869 555 testatum
902 514 1073 553 dedecus
1106 517 1234 552 esset.

203 575 344 615 Haud
333 587 481 627 inpune
514 575 646 614 seres.
679 574 845 613 adlmam
865 572 936 612 tibi
955 583 1095 623 nempe
1116 572 1303 623 figuram,
1323 578 1352 604 1
1372 585 1426 604 xv.

116 643 183 673 475
206 635 289 681 Qua
308 633 380 673 tibi
398 665 409 687 ,
442 645 595 684 quaque
622 633 752 685 places
778 638 945 684 nostro,
976 633 1217 683 inportuna,
1249 624 1424 668 marito?

205 693 309 732 Dixit
340 698 380 731 et
410 692 571 731 adversa
602 693 757 743 prensis
789 703 810 730 a
842 692 971 729 fronte
1004 688 1152 741 capillis

206 752 352 791 Stravit
381 751 491 790 humi
522 762 715 802 pronam.
755 749 940 789 tendehat
970 748 1152 787 bracchia
1185 746 1372 799 supplex:

205 809 392 849 Bracchia
424 815 641 861 coeperunt
667 810 789 860 nigris
820 809 1053 847 horrescere
1085 802 1209 858 villis,

207 869 448 919 Curvarique
480 880 618 907 manus
651 874 690 906 et
722 867 894 907 aduncos
927 877 1108 905 crescere
1139 867 1178 903 in
1211 875 1363 915 ungues

118 935 185 967 480
207 927 424 978 Officioque
456 927 599 978 pedum
634 927 772 978 fungi,
804 925 1036 976 laudataque
1070 923 1265 975 quondam

206 986 283 1026 Ora
314 985 394 1024 lovi
425 985 501 1024 lato
534 986 619 1024 fieri
651 985 839 1024 deformia
871 985 998 1023 rictu.

206 1045 310 1084 Neve
342 1056 482 1096 preces
514 1045 663 1083 animos
696 1050 735 1082 et
764 1042 882 1083 verba
913 1042 1113 1094 precantia
1144 1040 1326 1091 flectant,

206 1104 327 1143 Posse
353 1103 460 1153 loqui
493 1104 658 1154 eripitur
676 1133 688 1155 ‚
719 1114 793 1141 vox
824 1100 1011 1141 iracunda
1037 1101 1247 1151 minaxque

207 1162 404 1213 Plenaque
437 1163 602 1200 terroris
634 1173 752 1200 rauco
786 1160 833 1199 de
866 1165 1026 1212 gutture
1059 1159 1209 1197 fertur.

119 1228 186 1260 485
207 1221 318 1260 Mens
350 1221 506 1271 antiqua
538 1225 667 1259 tamen
701 1220 801 1259 sacta
833 1230 990 1270 quoque
1023 1218 1166 1256 mansit
1196 1217 1237 1255 in
1271 1227 1378 1267 ursa,

207 1279 452 1330 Assiduoque
485 1290 576 1318 suos
608 1279 755 1329 gemitu
781 1283 921 1317 testata
953 1275 1108 1315 dolores

208 1338 523 1388 Qualescumque
554 1349 691 1376 manus
724 1336 769 1375 ad
802 1335 953 1375 caelum
986 1341 1025 1374 et
1055 1334 1183 1374 sidera
1215 1333 1316 1373 tollit

208 1396 486 1448 ingratumque
512 1395 671 1448 lovem,
703 1401 872 1447 nequeat
898 1406 988 1433 cum
1020 1393 1182 1445 dicere,
1213 1392 1355 1431 sentit

208 1456 238 1494 Α
258 1487 269 1508 ,
301 1456 513 1507 quotiens,
545 1454 625 1493 sola
656 1466 734 1493 non
768 1465 860 1493 ausa
893 1454 1098 1505 quiescere
1131 1424 1248 1502 silva,

121 1521 189 1554 490
209 1514 308 1552 Ante
341 1513 499 1552 domum
532 1512 806 1563 quondamque
839 1514 920 1551 suis
953 1512 1097 1550 erravit
1127 1510 1167 1548 in
1200 1507 1326 1561 agris!

208 1573 268 1624 A,
301 1573 484 1623 quotiens
515 1583 587 1623 per
619 1583 708 1609 saxa
741 1580 882 1609 canum
914 1568 1118 1608 latratibus
1146 1573 1230 1607 acta
1262 1572 1345 1619 est,

208 1630 473 1681 venatrixque
505 1635 611 1669 metu
643 1635 853 1668 venantum
886 1630 1021 1667 territa
1053 1625 1174 1678 sugit!

211 1690 333 1741 Saepe
366 1690 460 1728 seris
491 1688 604 1727 latuit
634 1689 726 1727 visis
745 1719 756 1740 ‚
788 1687 905 1726 oblita
924 1718 935 1739 ,
968 1685 1060 1738 quid
1093 1690 1221 1737 esset,

209 1748 386 1799 Ursaque
418 1753 650 1799 conspectos
682 1748 721 1786 in
754 1745 951 1785 montibus
983 1745 1140 1784 horruit
1170 1754 1309 1795 urso5,

121 1814 188 1846 495
209 1807 496 1857 Pertimuitque
528 1805 642 1857 lupos
661 1836 672 1857 ‚
705 1806 880 1856 quamvis
912 1810 1023 1856 pater
1055 1808 1160 1843 esset
1190 1803 1230 1841 in
1262 1801 1360 1840 illis.

208 1865 311 1905 Ecce
330 1897 341 1918 ‚
373 1863 587 1916 Lycaoniae
619 1863 780 1915 proles,
816 1865 948 1914 ignara
980 1862 1184 1914 parentis,

209 1925 328 1963 Arcas
361 1923 500 1976 adest,
530 1929 592 1962 ter
624 1923 798 1974 quinque
831 1922 914 1961 sere
946 1919 1140 1960 natalibus
1175 1924 1337 1958 auctus:

210 1983 389 2033 Dumque
421 1982 523 2020 seras
556 1982 765 2033 sequitur,
798 1980 891 2019 dum
923 1979 1044 2018 saltus
1070 1978 1179 2029 eligit
1210 1982 1344 2028 aptos,

210 2040 490 2092 Nexilibusque
521 2039 645 2092 plagis
677 2039 792 2078 silvas
824 2036 1122 2090 Erymanthidas
1150 2034 1293 2088 ambit,

123 2099 352 2139 5001ncidit
382 2100 423 2138 in
454 2104 648 2150 matrem3
681 2110 780 2149 quae
811 2098 958 2136 restitit
988 2095 1137 2135 Arcade
1170 2095 1252 2133 viso

211 2157 262 2198 Et
292 2158 546 2209 cognoscenti
578 2156 714 2196 similis
746 2157 848 2195 suit.
888 2155 951 2194 ille
984 2154 1130 2205 refugit

211 2216 462 2267 Inmotosque
494 2215 628 2255 oculos
659 2217 699 2254 in
732 2226 774 2254 se
806 2215 890 2253 sine
922 2213 997 2252 fine
1030 2217 1230 2252 tenentem

211 2274 376 2314 Nescius
408 2275 618 2326 extimuit,
649 2274 890 2325 propiusque
923 2270 1111 2311 accedere
1142 2270 1270 2309 aventi

213 2332 403 2372 Vulnifico
436 2333 564 2373 suerat
595 2333 744 2371 fixurus
775 2336 936 2383 pectora
960 2329 1058 2370 telo.

1103 2395 1151 2429 3*
