1554 2563
152 91 213 126 XL

151 203 289 251 veniri,
321 203 384 242 vel
422 203 518 241 adeo
551 204 583 241 Ε
616 203 784 242 admitti.
923 201 1010 243 244
1040 212 1220 244 PRocun
1254 213 1355 256 Es'r,
1386 213 1491 244 mm
1553 210 1554 216 ’

151 269 321 311 omnm,
362 270 575 300 VIDENDA
611 262 784 301 INSULA
823 270 928 302 VISA
968 271 1087 302 Mun.
1140 265 1279 312 procul
1318 265 1406 302 hinc
1443 276 1493 302 m.

150 332 202 358 cr.
234 321 398 359 videnda
428 321 569 359 Insula
599 321 657 371 M3
693 321 780 360 hinc
810 333 859 359 m.
892 333 944 360 cr.
975 322 1180 361 videndum
1215 323 1298 361 Ins.
1329 323 1374 360 E.
1436 334 1493 361 se-

150 380 265 417 cutus
298 391 384 417 sum
417 379 515 417 alios
543 379 699 418 Heinsii
728 379 864 419 libros.
918 392 997 419 non
1028 382 1125 430 erat,
1156 392 1226 419 cur
1255 382 1344 420 hinc
1372 382 1493 430 potis-

150 438 294 475 simum
326 437 497 476 Circeios
536 438 751 488 spectaret,
788 439 851 477 cui
888 451 912 477 a
943 438 1080 477 Caieta
1117 451 1275 478 cursum
1313 451 1493 489 persecu-

149 498 239 534 turo
277 496 381 535 istuc
416 497 800 546 praetervehendum
842 497 935 535 fuit:
986 498 1083 536 satis
1127 500 1229 548 erat,
1281 499 1315 537 si
1356 499 1494 548 procul

150 555 346 594 absistere
377 555 593 605 iuberetur,
623 556 761 603 videre,
791 567 869 594 non
893 557 1006 595 etiam
1030 557 1169 595 sentire
1191 558 1278 604 fera
1301 558 1417 608 facia,
1449 560 1495 596 ut

150 615 212 652 est
242 621 296 652 111
317 615 419 664 2473
451 614 555 663 quod
585 613 631 652 fit
662 614 873 653 efficaciter
904 616 996 663 post
1018 615 1159 663 procul
1190 616 1357 666 inserto,
1390 616 1494 665 quod

149 673 289 711 abesse
325 685 404 711 non
440 673 584 723 potest,
615 673 748 712 verbo.
897 670 984 712 250
1015 681 1297 714 NEGABAMUS
1329 682 1493 714 SED—.

148 733 383 780 negabamus
424 732 486 770 uel
528 731 580 769 M.
642 733 875 780 neyabamus
919 732 955 770 et
995 732 1041 770 E.
1102 734 1270 782 uterque
1317 734 1494 772 veterem

151 790 389 840 scripturam
419 792 474 828 set
503 792 730 839 corruptam
763 790 929 840 accepit,
967 791 1036 829 sed
1066 791 1107 828 M
1138 803 1238 840 quae
1269 793 1397 831 metro
1429 792 1494 830 ad-

150 850 377 899 versantur,
420 849 622 898 immutat,
665 850 711 886 ut
747 857 763 886 1
791 850 885 888 114.
939 850 1298 899 interpunctionem
1339 851 1494 890 novavi.

266 904 353 946 252
386 915 653 953 NIMIUMQUE
686 915 934 946 ELPENORA
965 916 1090 947 vmo.
1140 909 1198 947 ita
1228 909 1312 947 fere
1338 909 1388 947 M.
1437 911 1495 948 ni-

148 969 340 1014 miumque
376 967 502 1004 bonus
539 978 639 1004 unus
670 966 772 1004 liber
802 966 974 1005 Heinsii:
1012 967 1155 1017 reliqui
1186 979 1274 1005 cum
1305 968 1337 1005 E
1368 969 1494 1007 nimii·
1536 1008 1538 1011 ,

149 1037 219 1074 quc
238 1026 307 1074 οἰχ).
326 1026 422 1075 uini,
455 1025 657 1063 sollertem
682 1025 1041 1076 interpolationem,
1072 1028 1118 1063 ut
1149 1035 1178 1064 v
1199 1027 1296 1064 267.
1334 1028 1495 1066 nimium

148 1096 250 1123 mero
269 1084 463 1131 Hylaeum
481 1083 576 1122 Hor.
597 1082 637 1121 C.
658 1091 692 1121 11
715 1085 765 1121 12
790 1085 827 1121 5.
936 1080 1023 1122 334
1054 1084 1252 1123 DICITUR
1284 1093 1493 1124 INNOCUO

150 1150 400 1181 PEPERISSE
432 1150 626 1181 VENILIA
658 1149 783 1181 IANO.
837 1142 924 1181 Dic.
955 1143 1081 1181 hionio
1111 1143 1163 1183 M.
1193 1144 1295 1182 ionio
1326 1146 1396 1182 aut
1427 1156 1495 1183 am

149 1204 254 1250 cipz'ti
284 1214 429 1250 magno
455 1201 655 1250 utrimque
679 1212 842 1239 numero
867 1201 977 1239 codd.
996 1202 1150 1252 reliqui,
1176 1202 1347 1240 alterum
1366 1202 1494 1241 erudi-

149 1262 214 1298 tae
258 1260 554 1309 superstitionis
598 1260 895 1309 argumentum,
945 1261 1115 1298 alterum
1157 1260 1332 1299 nefariae
1374 1261 1495 1300 inter-

149 1319 375 1368 polationis.
417 1318 693 1357 memorabiles
726 1319 818 1356 sunt
847 1330 978 1367 nugae
1009 1319 1057 1357 de
1082 1319 1177 1358 Iano
1207 1332 1228 1357 e
1254 1319 1495 1358 Perrhaebia

150 1379 190 1416 in
220 1377 380 1415 Italiam
416 1377 547 1415 delato
585 1377 691 1425 apud
721 1377 972 1415 Athenaeum
1003 1390 1040 1426 p.
1062 1379 1143 1416 692
1161 1378 1203 1428 d,
1245 1390 1341 1427 quas
1379 1380 1494 1418 notas

150 1437 336 1474 habuisse
361 1436 567 1485 Hyginum
585 1435 809 1473 Macrobius
839 1435 919 1473 Sat.
940 1444 956 1473 1
977 1438 1000 1474 7
1034 1436 1192 1475 videtur
1224 1436 1375 1475 testari.
1426 1436 1494 1476 sed

149 1507 221 1534 nec
245 1495 462 1545 Hyginum,
491 1494 554 1532 cui
580 1493 744 1532 Ovidius
770 1493 892 1532 Trist.
912 1502 965 1532 111
988 1496 1040 1532 14
1068 1496 1119 1533 19
1154 1495 1493 1544 Metamorphoses

150 1555 222 1592 has
254 1552 518 1602 commendat,
557 1553 667 1591 cuius
698 1553 924 1591 interventu
957 1554 1161 1602 suppletas
1192 1554 1338 1604 prima,
1377 1566 1495 1604 quam

150 1613 381 1662 dignoscere
419 1612 516 1649 mihi
553 1611 706 1661 videor,
744 1612 1048 1660 interpolatione
1084 1613 1326 1662 putaverim,
1365 1624 1388 1650 a
1424 1612 1494 1650 flu-

150 1672 266 1709 minis
297 1667 460 1720 Ἴωνοε,
505 1670 572 1719 qui
608 1670 713 1719 apud
746 1670 980 1708 Strabonem
1023 1675 1084 1709 est
1126 1684 1163 1720 p.
1196 1672 1293 1721 327,
1336 1671 1493 1710 nomine

148 1731 307 1768 Ionium
337 1730 483 1768 Ianum
519 1728 789 1766 introductum
825 1729 1087 1777 probaturum
1117 1729 1258 1779 fuisse,
1295 1729 1386 1768 inde
1415 1729 1493 1767 Ar-

150 1789 253 1826 rium
296 1787 467 1836 aliquem
512 1786 780 1825 Catullianum
824 1790 893 1825 aut
936 1787 1105 1825 scribam
1142 1787 1184 1825 M
1223 1800 1331 1826 more
1375 1788 1491 1827 solito

150 1846 307 1885 dedisse
343 1847 548 1896 monium,
593 1846 662 1884 sed
704 1847 880 1883 erratum
923 1846 1000 1884 alio
1044 1845 1159 1885 modo
1196 1846 1237 1884 in
1274 1847 1494 1895 scripturae

149 1917 313 1955 genere,
358 1904 460 1954 quod
497 1912 513 1942 ῑ
549 1904 726 1942 litteram
762 1916 841 1942 non
876 1907 1034 1954 puncto,
1078 1905 1146 1943 sed
1183 1905 1309 1955 apice,
1350 1905 1494 1944 lineola

148 1964 356 2013 inclinata,
407 1963 642 2013 signaverit,
691 1962 788 2000 mihi
837 1962 1028 2011 persuasi.
1097 1963 1201 2012 apud
1250 1963 1494 2002 Priscianum

149 2023 215 2060 lib.
236 2031 286 2060 IX
316 2036 353 2071 p.
373 2022 471 2068 482,
500 2024 553 2060 20
584 2022 625 2058 in
643 2033 761 2060 versu
781 2020 974 2060 Ovidiano
1004 2021 1180 2069 leioplzino
1207 2025 1341 2070 captus
1365 2032 1494 2061 amore

150 2081 279 2119 scriba
322 2080 592 2130 Sangallensis
638 2079 747 2118 dedit
796 2092 868 2129 pro
911 2081 1087 2128 inopino,-
1137 2080 1209 2119 hoc
1258 2081 1343 2130 ipso
1392 2080 1493 2119 libro

149 2152 184 2177 v.
208 2141 288 2177 609
323 2140 530 2177 innomz'nis
561 2151 632 2187 pro
665 2139 868 2177 binominis
891 2138 1019 2176 scriba
1038 2138 1089 2176 M.
1138 2139 1274 2188 itaque
1299 2139 1373 2177 hoc
1397 2139 1494 2189 loco,

149 2198 182 2236 si
231 2198 408 2247 repperit
449 2196 603 2247 ihocuo,
646 2196 798 2245 apicem
841 2197 988 2234 huncce
1031 2197 1263 2235 attribuisse
1306 2197 1494 2235 credibile

148 2267 352 2305 dimidiato
386 2267 554 2306 secundo
587 2267 799 2316 elemento,
829 2268 876 2304 ut
906 2269 1012 2305 esset
1042 2269 1067 2316 i,
1098 2267 1140 2304 in
1166 2268 1377 2316 postremis
1403 2278 1494 2306 ocuo

149 2326 276 2365 denuo
309 2325 429 2364 simili
465 2325 580 2364 modo
613 2337 786 2374 errasse,
824 2337 869 2363 ac
899 2325 1069 2364 vidimus
1101 2333 1151 2363 XI
1172 2327 1255 2365 366
1288 2326 1330 2363 in
1360 2327 1494 2377 mucis,
