<?xml version="1.0" encoding="UTF-8"?>
<!DOCTYPE html PUBLIC "-//W3C//DTD XHTML 1.0 Transitional//EN"
    "http://www.w3.org/TR/xhtml1/DTD/xhtml1-transitional.dtd">
<html xmlns="http://www.w3.org/1999/xhtml" xml:lang="en" lang="en">
 <head>
  <title>
</title>
<meta http-equiv="Content-Type" content="text/html;charset=utf-8" />
  <meta name='ocr-system' content='tesseract 3.04.00' />
  <meta name='ocr-capabilities' content='ocr_page ocr_carea ocr_par ocr_line ocrx_word'/>
</head>
<body>
  <div class='ocr_page' id='page_1' title='image "./operaovid02oviduoft_0362.png"; bbox 0 0 1554 2563; ppageno 0'>
   <div class='ocr_carea' id='block_1_1' title="bbox 125 103 915 145">
    <p class='ocr_par' dir='ltr' id='par_1_1' title="bbox 125 103 915 145">
     <span class='ocr_line' id='line_1_1' title="bbox 125 103 915 145; baseline -0.003 -4"><span class='ocrx_word' id='word_1_1' title='bbox 125 103 211 145; x_wconf 84' lang='grc'><strong>286</strong></span> <span class='ocrx_word' id='word_1_2' title='bbox 313 117 578 139; x_wconf 58' lang='lat' dir='ltr'><strong>acuam-:mnas</strong></span> <span class='ocrx_word' id='word_1_3' title='bbox 680 103 892 138; x_wconf 80' lang='lat' dir='ltr'><strong>METAMM</strong></span> <span class='ocrx_word' id='word_1_4' title='bbox 905 130 915 139; x_wconf 89' lang='lat'><strong>.</strong></span> 
     </span>
    </p>
   </div>
   <div class='ocr_carea' id='block_1_2' title="bbox 158 212 1466 2372">
    <p class='ocr_par' dir='ltr' id='par_1_2' title="bbox 244 212 1465 324">
     <span class='ocr_line' id='line_1_2' title="bbox 245 212 1246 264; baseline 0.001 -12"><span class='ocrx_word' id='word_1_5' title='bbox 245 213 286 253; x_wconf 93' lang='lat' dir='ltr'><strong>Si</strong></span> <span class='ocrx_word' id='word_1_6' title='bbox 317 225 403 252; x_wconf 89' lang='lat' dir='ltr'><strong>mea</strong></span> <span class='ocrx_word' id='word_1_7' title='bbox 434 214 635 264; x_wconf 88' lang='lat' dir='ltr'><strong>virginitas</strong></span> <span class='ocrx_word' id='word_1_8' title='bbox 667 212 825 252; x_wconf 86' lang='lat' dir='ltr'>Phoebo</span> <span class='ocrx_word' id='word_1_9' title='bbox 857 214 1050 264; x_wconf 88' lang='lat' dir='ltr'><strong>patuisset</strong></span> <span class='ocrx_word' id='word_1_10' title='bbox 1081 214 1246 253; x_wconf 90' lang='lat' dir='ltr'><strong>amanti.</strong></span> 
     </span>
     <span class='ocr_line' id='line_1_3' title="bbox 244 271 1465 324; baseline 0 -13"><span class='ocrx_word' id='word_1_11' title='bbox 244 272 344 311; x_wconf 90' lang='lat' dir='ltr'><strong>Dum</strong></span> <span class='ocrx_word' id='word_1_12' title='bbox 375 277 505 311; x_wconf 87' lang='lat' dir='ltr'><strong>tamen</strong></span> <span class='ocrx_word' id='word_1_13' title='bbox 536 271 636 311; x_wconf 90' lang='lat' dir='ltr'><strong>hanc</strong></span> <span class='ocrx_word' id='word_1_14' title='bbox 668 277 828 324; x_wconf 86' lang='lat' dir='ltr'><strong>sperat,</strong></span> <span class='ocrx_word' id='word_1_15' title='bbox 859 271 952 310; x_wconf 91' lang='lat' dir='ltr'><strong>dum</strong></span> <span class='ocrx_word' id='word_1_16' title='bbox 978 283 1327 323; x_wconf 78' lang='lat' dir='ltr'><strong>praecorrumpere</strong></span> <span class='ocrx_word' id='word_1_17' title='bbox 1353 271 1465 312; x_wconf 85' lang='lat' dir='ltr'><strong>donis</strong></span> 
     </span>
    </p>

    <p class='ocr_par' dir='ltr' id='par_1_3' title="bbox 161 327 1465 618">
     <span class='ocr_line' id='line_1_4' title="bbox 161 327 1431 383; baseline 0.001 -14"><span class='ocrx_word' id='word_1_18' title='bbox 161 338 223 369; x_wconf 84' lang='lat'><strong>135</strong></span> <span class='ocrx_word' id='word_1_19' title='bbox 244 330 304 369; x_wconf 90' lang='lat' dir='ltr'><strong>Me</strong></span> <span class='ocrx_word' id='word_1_20' title='bbox 337 331 475 382; x_wconf 84' lang='lat' dir='ltr'><strong>cupit,</strong></span> <span class='ocrx_word' id='word_1_21' title='bbox 507 327 620 382; x_wconf 75' lang='lat' dir='ltr'><strong>‘elige</strong></span> <span class='ocrx_word' id='word_1_22' title='bbox 638 327 666 383; x_wconf 89' lang='lat'><strong>‚&#39;</strong></span> <span class='ocrx_word' id='word_1_23' title='bbox 699 331 753 370; x_wconf 92' lang='lat' dir='ltr'><strong>ait</strong></span> <span class='ocrx_word' id='word_1_24' title='bbox 784 327 907 382; x_wconf 77' lang='lat' dir='ltr'><strong>‘virgo</strong></span> <span class='ocrx_word' id='word_1_25' title='bbox 940 329 1137 383; x_wconf 87' lang='lat' dir='ltr'><strong>Cumaea,</strong></span> <span class='ocrx_word' id='word_1_26' title='bbox 1169 330 1261 382; x_wconf 92' lang='lat' dir='ltr'><strong>quid</strong></span> <span class='ocrx_word' id='word_1_27' title='bbox 1294 335 1431 382; x_wconf 85' lang='lat' dir='ltr'><strong>optes:</strong></span> 
     </span>
     <span class='ocr_line' id='line_1_5' title="bbox 245 386 1208 441; baseline 0 -13"><span class='ocrx_word' id='word_1_28' title='bbox 245 388 397 440; x_wconf 88' lang='lat' dir='ltr'><strong>Optatis</strong></span> <span class='ocrx_word' id='word_1_29' title='bbox 427 390 579 441; x_wconf 88' lang='lat' dir='ltr'><strong>potiere</strong></span> <span class='ocrx_word' id='word_1_30' title='bbox 611 390 689 428; x_wconf 92' lang='lat' dir='ltr'><strong>tuis</strong></span> <span class='ocrx_word' id='word_1_31' title='bbox 709 386 734 428; x_wconf 88' lang='lat'><strong>.’</strong></span> <span class='ocrx_word' id='word_1_32' title='bbox 765 401 843 440; x_wconf 88' lang='lat' dir='ltr'><strong>ego</strong></span> <span class='ocrx_word' id='word_1_33' title='bbox 876 388 1047 440; x_wconf 90' lang='lat' dir='ltr'><strong>pulveris</strong></span> <span class='ocrx_word' id='word_1_34' title='bbox 1079 388 1208 428; x_wconf 91' lang='lat' dir='ltr'><strong>hausti</strong></span> 
     </span>
     <span class='ocr_line' id='line_1_6' title="bbox 246 446 1428 500; baseline 0 -14"><span class='ocrx_word' id='word_1_35' title='bbox 246 447 468 487; x_wconf 82' lang='lat' dir='ltr'><strong>Ostendens</strong></span> <span class='ocrx_word' id='word_1_36' title='bbox 501 447 701 487; x_wconf 91' lang='lat' dir='ltr'><strong>cumulum</strong></span> <span class='ocrx_word' id='word_1_37' title='bbox 719 479 730 500; x_wconf 88' lang='lat'>‚</span> <span class='ocrx_word' id='word_1_38' title='bbox 762 453 858 498; x_wconf 91' lang='lat' dir='ltr'><strong>quot</strong></span> <span class='ocrx_word' id='word_1_39' title='bbox 888 446 1052 487; x_wconf 85' lang='lat' dir='ltr'><strong>haberet</strong></span> <span class='ocrx_word' id='word_1_40' title='bbox 1083 459 1247 499; x_wconf 89' lang='lat' dir='ltr'><strong>corpora</strong></span> <span class='ocrx_word' id='word_1_41' title='bbox 1278 447 1428 500; x_wconf 83' lang='lat' dir='ltr'><strong>pulvis,</strong></span> 
     </span>
     <span class='ocr_line' id='line_1_7' title="bbox 245 506 1198 558; baseline 0 -14"><span class='ocrx_word' id='word_1_42' title='bbox 245 506 320 545; x_wconf 90' lang='lat' dir='ltr'><strong>Tot</strong></span> <span class='ocrx_word' id='word_1_43' title='bbox 350 506 446 546; x_wconf 91' lang='lat' dir='ltr'><strong>mihi</strong></span> <span class='ocrx_word' id='word_1_44' title='bbox 477 506 624 545; x_wconf 81' lang='lat' dir='ltr'>natales</span> <span class='ocrx_word' id='word_1_45' title='bbox 656 507 884 557; x_wconf 88' lang='lat' dir='ltr'><strong>contingere</strong></span> <span class='ocrx_word' id='word_1_46' title='bbox 916 518 1011 544; x_wconf 85' lang='lat' dir='ltr'><strong>vana</strong></span> <span class='ocrx_word' id='word_1_47' title='bbox 1042 507 1198 558; x_wconf 80' lang='lat' dir='ltr'><strong>rogavi3</strong></span> 
     </span>
     <span class='ocr_line' id='line_1_8' title="bbox 244 564 1465 618; baseline 0 -14"><span class='ocrx_word' id='word_1_48' title='bbox 244 564 427 618; x_wconf 85' lang='lat' dir='ltr'><strong>Excidit,</strong></span> <span class='ocrx_word' id='word_1_49' title='bbox 457 570 502 604; x_wconf 91' lang='lat' dir='ltr'><strong>ut</strong></span> <span class='ocrx_word' id='word_1_50' title='bbox 532 570 709 616; x_wconf 84' lang='lat' dir='ltr'><strong>peterem</strong></span> <span class='ocrx_word' id='word_1_51' title='bbox 739 566 901 604; x_wconf 90' lang='lat' dir='ltr'><strong>iuvenes</strong></span> <span class='ocrx_word' id='word_1_52' title='bbox 934 576 1090 616; x_wconf 89' lang='lat' dir='ltr'><strong>quoque</strong></span> <span class='ocrx_word' id='word_1_53' title='bbox 1116 565 1296 616; x_wconf 81' lang='lat' dir='ltr'><strong>protinus</strong></span> <span class='ocrx_word' id='word_1_54' title='bbox 1321 576 1465 604; x_wconf 88' lang='lat' dir='ltr'><strong>annos.</strong></span> 
     </span>
    </p>

    <p class='ocr_par' dir='ltr' id='par_1_4' title="bbox 160 623 1466 910">
     <span class='ocr_line' id='line_1_9' title="bbox 160 623 1421 676; baseline 0.001 -14"><span class='ocrx_word' id='word_1_55' title='bbox 160 631 225 663; x_wconf 84' lang='lat'><strong>140</strong></span> <span class='ocrx_word' id='word_1_56' title='bbox 246 623 325 662; x_wconf 92' lang='lat' dir='ltr'><strong>Hos</strong></span> <span class='ocrx_word' id='word_1_57' title='bbox 358 629 489 663; x_wconf 90' lang='lat' dir='ltr'><strong>tamen</strong></span> <span class='ocrx_word' id='word_1_58' title='bbox 521 623 584 663; x_wconf 89' lang='lat' dir='ltr'><strong>ille</strong></span> <span class='ocrx_word' id='word_1_59' title='bbox 616 623 711 662; x_wconf 90' lang='lat' dir='ltr'><strong>mihi</strong></span> <span class='ocrx_word' id='word_1_60' title='bbox 743 623 857 663; x_wconf 90' lang='lat' dir='ltr'><strong>dabat</strong></span> <span class='ocrx_word' id='word_1_61' title='bbox 889 629 1167 674; x_wconf 82' lang='lat' dir='ltr'><strong>aeternamque</strong></span> <span class='ocrx_word' id='word_1_62' title='bbox 1199 624 1421 676; x_wconf 90' lang='lat' dir='ltr'><strong>iuventam,</strong></span> 
     </span>
     <span class='ocr_line' id='line_1_10' title="bbox 246 681 1366 734; baseline 0 -13"><span class='ocrx_word' id='word_1_63' title='bbox 246 682 288 721; x_wconf 93' lang='lat' dir='ltr'><strong>Si</strong></span> <span class='ocrx_word' id='word_1_64' title='bbox 319 681 512 722; x_wconf 87' lang='lat' dir='ltr'><strong>Venerem</strong></span> <span class='ocrx_word' id='word_1_65' title='bbox 542 688 727 734; x_wconf 88' lang='lat' dir='ltr'><strong>paterer.</strong></span> <span class='ocrx_word' id='word_1_66' title='bbox 766 687 990 733; x_wconf 88' lang='lat' dir='ltr'><strong>contempto</strong></span> <span class='ocrx_word' id='word_1_67' title='bbox 1023 694 1186 721; x_wconf 90' lang='lat' dir='ltr'><strong>munere</strong></span> <span class='ocrx_word' id='word_1_68' title='bbox 1217 681 1366 721; x_wconf 89' lang='lat' dir='ltr'><strong>Phoebi</strong></span> 
     </span>
     <span class='ocr_line' id='line_1_11' title="bbox 246 740 1203 793; baseline -0.001 -13"><span class='ocrx_word' id='word_1_69' title='bbox 246 740 396 780; x_wconf 92' lang='lat' dir='ltr'><strong>Innuba</strong></span> <span class='ocrx_word' id='word_1_70' title='bbox 428 753 640 793; x_wconf 88' lang='lat' dir='ltr'><strong>permaneo</strong></span> <span class='ocrx_word' id='word_1_71' title='bbox 660 772 669 781; x_wconf 94' lang='lat'><strong>.</strong></span> <span class='ocrx_word' id='word_1_72' title='bbox 708 740 776 779; x_wconf 89' lang='lat' dir='ltr'><strong>sed</strong></span> <span class='ocrx_word' id='word_1_73' title='bbox 808 742 884 780; x_wconf 91' lang='lat' dir='ltr'><strong>iam</strong></span> <span class='ocrx_word' id='word_1_74' title='bbox 916 740 1067 780; x_wconf 85' lang='lat' dir='ltr'><strong>felicior</strong></span> <span class='ocrx_word' id='word_1_75' title='bbox 1098 745 1203 779; x_wconf 84' lang='lat' dir='ltr'><strong>aetas</strong></span> 
     </span>
     <span class='ocr_line' id='line_1_12' title="bbox 245 798 1466 853; baseline 0.001 -15"><span class='ocrx_word' id='word_1_76' title='bbox 245 799 371 851; x_wconf 85' lang='lat' dir='ltr'><strong>Terga</strong></span> <span class='ocrx_word' id='word_1_77' title='bbox 402 799 507 839; x_wconf 85' lang='lat' dir='ltr'><strong>dedit</strong></span> <span class='ocrx_word' id='word_1_78' title='bbox 526 831 538 853; x_wconf 85' lang='lat'>‚</span> <span class='ocrx_word' id='word_1_79' title='bbox 568 799 816 850; x_wconf 84' lang='lat' dir='ltr'><strong>tremuloque</strong></span> <span class='ocrx_word' id='word_1_80' title='bbox 842 798 965 850; x_wconf 89' lang='lat' dir='ltr'><strong>gradu</strong></span> <span class='ocrx_word' id='word_1_81' title='bbox 990 800 1097 838; x_wconf 92' lang='lat' dir='ltr'><strong>venit</strong></span> <span class='ocrx_word' id='word_1_82' title='bbox 1121 810 1236 850; x_wconf 86' lang='lat' dir='ltr'><strong>aegra</strong></span> <span class='ocrx_word' id='word_1_83' title='bbox 1262 804 1466 851; x_wconf 87' lang='lat' dir='ltr'><strong>senectus,</strong></span> 
     </span>
     <span class='ocr_line' id='line_1_13' title="bbox 246 857 1466 910; baseline 0 -13"><span class='ocrx_word' id='word_1_84' title='bbox 246 859 353 904; x_wconf 83' lang='lat' dir='ltr'><strong>Quae</strong></span> <span class='ocrx_word' id='word_1_85' title='bbox 379 859 561 910; x_wconf 86' lang='lat' dir='ltr'><strong>patienda</strong></span> <span class='ocrx_word' id='word_1_86' title='bbox 586 858 653 897; x_wconf 93' lang='lat' dir='ltr'><strong>diu</strong></span> <span class='ocrx_word' id='word_1_87' title='bbox 679 864 739 897; x_wconf 90' lang='lat' dir='ltr'><strong>est</strong></span> <span class='ocrx_word' id='word_1_88' title='bbox 758 889 767 898; x_wconf 88' lang='lat'><strong>.</strong></span> <span class='ocrx_word' id='word_1_89' title='bbox 799 870 889 897; x_wconf 91' lang='lat' dir='ltr'><strong>nam</strong></span> <span class='ocrx_word' id='word_1_90' title='bbox 914 859 991 896; x_wconf 92' lang='lat' dir='ltr'><strong>iam</strong></span> <span class='ocrx_word' id='word_1_91' title='bbox 1016 857 1110 897; x_wconf 92' lang='lat' dir='ltr'><strong>mihi</strong></span> <span class='ocrx_word' id='word_1_92' title='bbox 1136 857 1291 897; x_wconf 91' lang='lat' dir='ltr'><strong>saecula</strong></span> <span class='ocrx_word' id='word_1_93' title='bbox 1316 864 1466 909; x_wconf 89' lang='lat' dir='ltr'><strong>septem</strong></span> 
     </span>
    </p>

    <p class='ocr_par' dir='ltr' id='par_1_5' title="bbox 160 916 1466 1203">
     <span class='ocr_line' id='line_1_14' title="bbox 160 916 1466 969; baseline 0.001 -14"><span class='ocrx_word' id='word_1_94' title='bbox 160 924 224 955; x_wconf 79' lang='grc'><strong>145</strong></span> <span class='ocrx_word' id='word_1_95' title='bbox 245 917 339 956; x_wconf 87' lang='lat' dir='ltr'><strong>Acta</strong></span> <span class='ocrx_word' id='word_1_96' title='bbox 369 917 508 957; x_wconf 91' lang='lat' dir='ltr'><strong>vides:</strong></span> <span class='ocrx_word' id='word_1_97' title='bbox 540 922 751 969; x_wconf 90' lang='lat' dir='ltr'><strong>superest,</strong></span> <span class='ocrx_word' id='word_1_98' title='bbox 783 928 970 956; x_wconf 90' lang='lat' dir='ltr'><strong>numeros</strong></span> <span class='ocrx_word' id='word_1_99' title='bbox 1001 922 1045 956; x_wconf 92' lang='lat' dir='ltr'><strong>ut</strong></span> <span class='ocrx_word' id='word_1_100' title='bbox 1075 916 1248 968; x_wconf 88' lang='lat' dir='ltr'><strong>pulveris</strong></span> <span class='ocrx_word' id='word_1_101' title='bbox 1282 928 1466 969; x_wconf 86' lang='lat' dir='ltr'><strong>aequem,</strong></span> 
     </span>
     <span class='ocr_line' id='line_1_15' title="bbox 244 975 1353 1028; baseline -0.001 -13"><span class='ocrx_word' id='word_1_102' title='bbox 244 975 324 1014; x_wconf 87' lang='lat' dir='ltr'><strong>Ter</strong></span> <span class='ocrx_word' id='word_1_103' title='bbox 355 982 513 1015; x_wconf 91' lang='lat' dir='ltr'><strong>centum</strong></span> <span class='ocrx_word' id='word_1_104' title='bbox 544 987 693 1015; x_wconf 88' lang='lat' dir='ltr'><strong>messes</strong></span> <span class='ocrx_word' id='word_1_105' title='bbox 711 1007 723 1028; x_wconf 84' lang='lat'><strong><em>,</em></strong></span> <span class='ocrx_word' id='word_1_106' title='bbox 754 980 816 1015; x_wconf 86' lang='lat' dir='ltr'><strong>ter</strong></span> <span class='ocrx_word' id='word_1_107' title='bbox 848 981 1006 1014; x_wconf 90' lang='lat' dir='ltr'><strong>centum</strong></span> <span class='ocrx_word' id='word_1_108' title='bbox 1037 981 1166 1014; x_wconf 87' lang='lat' dir='ltr'><strong>musta</strong></span> <span class='ocrx_word' id='word_1_109' title='bbox 1197 975 1353 1014; x_wconf 88' lang='lat' dir='ltr'><strong>videre.</strong></span> 
     </span>
     <span class='ocr_line' id='line_1_16' title="bbox 244 1034 1380 1087; baseline -0.001 -13"><span class='ocrx_word' id='word_1_110' title='bbox 244 1034 417 1086; x_wconf 87' lang='lat' dir='ltr'><strong>Tempus</strong></span> <span class='ocrx_word' id='word_1_111' title='bbox 450 1036 554 1087; x_wconf 86' lang='lat' dir='ltr'><strong>erit,</strong></span> <span class='ocrx_word' id='word_1_112' title='bbox 586 1046 676 1073; x_wconf 91' lang='lat' dir='ltr'><strong>cum</strong></span> <span class='ocrx_word' id='word_1_113' title='bbox 708 1034 755 1073; x_wconf 93' lang='lat' dir='ltr'><strong>de</strong></span> <span class='ocrx_word' id='word_1_114' title='bbox 787 1039 897 1073; x_wconf 92' lang='lat' dir='ltr'><strong>tanto</strong></span> <span class='ocrx_word' id='word_1_115' title='bbox 929 1045 991 1072; x_wconf 90' lang='lat' dir='ltr'><strong>me</strong></span> <span class='ocrx_word' id='word_1_116' title='bbox 1024 1045 1189 1085; x_wconf 87' lang='lat' dir='ltr'><strong>corpore</strong></span> <span class='ocrx_word' id='word_1_117' title='bbox 1220 1045 1380 1085; x_wconf 88' lang='lat' dir='ltr'><strong>parvam</strong></span> 
     </span>
     <span class='ocr_line' id='line_1_17' title="bbox 244 1091 1407 1145; baseline 0 -14"><span class='ocrx_word' id='word_1_118' title='bbox 244 1092 375 1144; x_wconf 88' lang='lat' dir='ltr'><strong>Longa</strong></span> <span class='ocrx_word' id='word_1_119' title='bbox 409 1093 491 1132; x_wconf 90' lang='lat' dir='ltr'><strong>dies</strong></span> <span class='ocrx_word' id='word_1_120' title='bbox 523 1093 640 1132; x_wconf 82' lang='lat' dir='ltr'><strong>faciet</strong></span> <span class='ocrx_word' id='word_1_121' title='bbox 657 1124 668 1145; x_wconf 86' lang='lat'><em>‚</em></span> <span class='ocrx_word' id='word_1_122' title='bbox 701 1098 1011 1144; x_wconf 91' lang='lat' dir='ltr'><strong>consumptaque</strong></span> <span class='ocrx_word' id='word_1_123' title='bbox 1044 1091 1218 1131; x_wconf 86' lang='lat' dir='ltr'><strong>membra</strong></span> <span class='ocrx_word' id='word_1_124' title='bbox 1250 1098 1407 1132; x_wconf 85' lang='lat' dir='ltr'><strong>senecta</strong></span> 
     </span>
     <span class='ocr_line' id='line_1_18' title="bbox 245 1151 1420 1203; baseline 0 -13"><span class='ocrx_word' id='word_1_125' title='bbox 245 1151 302 1190; x_wconf 86' lang='lat' dir='ltr'><strong>Ad</strong></span> <span class='ocrx_word' id='word_1_126' title='bbox 334 1153 539 1190; x_wconf 89' lang='lat' dir='ltr'><strong>minimum</strong></span> <span class='ocrx_word' id='word_1_127' title='bbox 570 1151 800 1203; x_wconf 82' lang='lat' dir='ltr'><strong>redigentur</strong></span> <span class='ocrx_word' id='word_1_128' title='bbox 833 1163 932 1190; x_wconf 91' lang='lat' dir='ltr'><strong>onus</strong></span> <span class='ocrx_word' id='word_1_129' title='bbox 951 1182 960 1190; x_wconf 88' lang='lat'><strong><em>.</em></strong></span> <span class='ocrx_word' id='word_1_130' title='bbox 998 1163 1071 1190; x_wconf 89' lang='lat' dir='ltr'><strong>nec</strong></span> <span class='ocrx_word' id='word_1_131' title='bbox 1104 1156 1227 1190; x_wconf 90' lang='lat' dir='ltr'><strong>amata</strong></span> <span class='ocrx_word' id='word_1_132' title='bbox 1259 1151 1420 1191; x_wconf 90' lang='lat' dir='ltr'><strong>videbor</strong></span> 
     </span>
    </p>

    <p class='ocr_par' dir='ltr' id='par_1_6' title="bbox 160 1209 1462 1437">
     <span class='ocr_line' id='line_1_19' title="bbox 160 1209 1407 1262; baseline 0 -13"><span class='ocrx_word' id='word_1_133' title='bbox 160 1217 224 1249; x_wconf 85' lang='lat'><strong>150</strong></span> <span class='ocrx_word' id='word_1_134' title='bbox 246 1209 327 1249; x_wconf 91' lang='lat' dir='ltr'><strong>Nec</strong></span> <span class='ocrx_word' id='word_1_135' title='bbox 358 1210 552 1261; x_wconf 81' lang='lat' dir='ltr'><strong>placuisse</strong></span> <span class='ocrx_word' id='word_1_136' title='bbox 585 1209 657 1248; x_wconf 91' lang='lat' dir='ltr'><strong>deo</strong></span> <span class='ocrx_word' id='word_1_137' title='bbox 678 1241 687 1249; x_wconf 90' lang='lat'><strong>.</strong></span> <span class='ocrx_word' id='word_1_138' title='bbox 724 1209 907 1248; x_wconf 89' lang='lat' dir='ltr'><strong>Phoebus</strong></span> <span class='ocrx_word' id='word_1_139' title='bbox 940 1221 1096 1261; x_wconf 90' lang='lat' dir='ltr'><strong>quoque</strong></span> <span class='ocrx_word' id='word_1_140' title='bbox 1128 1211 1292 1249; x_wconf 83' lang='lat' dir='ltr'><strong>forsitan</strong></span> <span class='ocrx_word' id='word_1_141' title='bbox 1323 1211 1407 1262; x_wconf 89' lang='lat' dir='ltr'><strong>ipse</strong></span> 
     </span>
     <span class='ocr_line' id='line_1_20' title="bbox 244 1267 1213 1321; baseline 0.001 -15"><span class='ocrx_word' id='word_1_142' title='bbox 244 1267 312 1307; x_wconf 93' lang='lat' dir='ltr'><strong>Vel</strong></span> <span class='ocrx_word' id='word_1_143' title='bbox 344 1280 422 1307; x_wconf 88' lang='lat' dir='ltr'><strong>non</strong></span> <span class='ocrx_word' id='word_1_144' title='bbox 455 1273 695 1321; x_wconf 83' lang='lat' dir='ltr'><strong>cognoscet,</strong></span> <span class='ocrx_word' id='word_1_145' title='bbox 726 1267 786 1306; x_wconf 90' lang='lat' dir='ltr'><strong>vel</strong></span> <span class='ocrx_word' id='word_1_146' title='bbox 819 1267 1001 1306; x_wconf 86' lang='lat' dir='ltr'><strong>dilexisse</strong></span> <span class='ocrx_word' id='word_1_147' title='bbox 1032 1267 1213 1320; x_wconf 80' lang='lat' dir='ltr'><strong>negabit3</strong></span> 
     </span>
     <span class='ocr_line' id='line_1_21' title="bbox 243 1326 1462 1379; baseline -0.001 -13"><span class='ocrx_word' id='word_1_148' title='bbox 243 1326 376 1378; x_wconf 88' lang='lat' dir='ltr'><strong>Usque</strong></span> <span class='ocrx_word' id='word_1_149' title='bbox 409 1326 504 1365; x_wconf 89' lang='lat' dir='ltr'><strong>adeo</strong></span> <span class='ocrx_word' id='word_1_150' title='bbox 530 1331 677 1365; x_wconf 90' lang='lat' dir='ltr'><strong>mutata</strong></span> <span class='ocrx_word' id='word_1_151' title='bbox 702 1326 835 1365; x_wconf 83' lang='lat' dir='ltr'><strong>ferar:</strong></span> <span class='ocrx_word' id='word_1_152' title='bbox 867 1326 1041 1377; x_wconf 88' lang='lat' dir='ltr'><strong>nullique</strong></span> <span class='ocrx_word' id='word_1_153' title='bbox 1067 1326 1254 1379; x_wconf 85' lang='lat' dir='ltr'><strong>videnda,</strong></span> <span class='ocrx_word' id='word_1_154' title='bbox 1280 1334 1306 1360; x_wconf 71' lang='lat' dir='ltr'><strong>r.</strong></span> <span class='ocrx_word' id='word_1_155' title='bbox 1320 1334 1462 1361; x_wconf 76' lang='lat' dir='ltr'><strong>clxxxix.</strong></span> 
     </span>
     <span class='ocr_line' id='line_1_22' title="bbox 244 1382 1406 1437; baseline 0.001 -14"><span class='ocrx_word' id='word_1_156' title='bbox 244 1384 346 1424; x_wconf 87' lang='lat' dir='ltr'><strong>Voce</strong></span> <span class='ocrx_word' id='word_1_157' title='bbox 378 1390 508 1424; x_wconf 87' lang='lat' dir='ltr'><strong>tamen</strong></span> <span class='ocrx_word' id='word_1_158' title='bbox 540 1396 680 1424; x_wconf 89' lang='lat' dir='ltr'><strong>noscar</strong></span> <span class='ocrx_word' id='word_1_159' title='bbox 698 1417 709 1437; x_wconf 88' lang='lat'><em>‚</em></span> <span class='ocrx_word' id='word_1_160' title='bbox 741 1397 877 1423; x_wconf 89' lang='lat' dir='ltr'><strong>vocem</strong></span> <span class='ocrx_word' id='word_1_161' title='bbox 910 1385 1004 1423; x_wconf 91' lang='lat' dir='ltr'><strong>mihi</strong></span> <span class='ocrx_word' id='word_1_162' title='bbox 1035 1385 1111 1423; x_wconf 83' lang='lat' dir='ltr'><strong>fata</strong></span> <span class='ocrx_word' id='word_1_163' title='bbox 1142 1385 1367 1436; x_wconf 82' lang='lat' dir='ltr'><strong>relinquent</strong></span> <span class='ocrx_word' id='word_1_164' title='bbox 1382 1382 1406 1424; x_wconf 92' lang='lat'><strong>.’</strong></span> 
     </span>
    </p>

    <p class='ocr_par' dir='ltr' id='par_1_7' title="bbox 302 1443 1312 1495">
     <span class='ocr_line' id='line_1_23' title="bbox 302 1443 1312 1495; baseline 0.001 -14"><span class='ocrx_word' id='word_1_165' title='bbox 302 1443 408 1482; x_wconf 90' lang='lat' dir='ltr'><strong>Talia</strong></span> <span class='ocrx_word' id='word_1_166' title='bbox 440 1455 655 1483; x_wconf 87' lang='lat' dir='ltr'><strong>convexum</strong></span> <span class='ocrx_word' id='word_1_167' title='bbox 686 1455 758 1495; x_wconf 91' lang='lat' dir='ltr'><strong>per</strong></span> <span class='ocrx_word' id='word_1_168' title='bbox 789 1444 865 1482; x_wconf 90' lang='lat' dir='ltr'><strong>iter</strong></span> <span class='ocrx_word' id='word_1_169' title='bbox 897 1448 1136 1482; x_wconf 87' lang='lat' dir='ltr'><strong>memorante</strong></span> <span class='ocrx_word' id='word_1_170' title='bbox 1170 1443 1312 1495; x_wconf 84' lang='lat' dir='ltr'><strong>Sibylla</strong></span> 
     </span>
    </p>

    <p class='ocr_par' dir='ltr' id='par_1_8' title="bbox 160 1501 1299 1658">
     <span class='ocr_line' id='line_1_24' title="bbox 160 1501 1276 1553; baseline -0.001 -12"><span class='ocrx_word' id='word_1_171' title='bbox 160 1509 223 1541; x_wconf 88' lang='grc'><strong>155</strong></span> <span class='ocrx_word' id='word_1_172' title='bbox 245 1501 413 1541; x_wconf 87' lang='lat' dir='ltr'><strong>Sedibus</strong></span> <span class='ocrx_word' id='word_1_173' title='bbox 444 1501 659 1541; x_wconf 86' lang='lat' dir='ltr'><strong>Euboicam</strong></span> <span class='ocrx_word' id='word_1_174' title='bbox 692 1502 836 1553; x_wconf 84' lang='lat' dir='ltr'><strong>Stygiis</strong></span> <span class='ocrx_word' id='word_1_175' title='bbox 868 1503 1033 1553; x_wconf 88' lang='lat' dir='ltr'><strong>emergit</strong></span> <span class='ocrx_word' id='word_1_176' title='bbox 1063 1503 1104 1540; x_wconf 92' lang='lat' dir='ltr'><strong>in</strong></span> <span class='ocrx_word' id='word_1_177' title='bbox 1135 1501 1276 1541; x_wconf 90' lang='lat' dir='ltr'><strong>urbem</strong></span> 
     </span>
     <span class='ocr_line' id='line_1_25' title="bbox 243 1560 1206 1611; baseline 0 -12"><span class='ocrx_word' id='word_1_178' title='bbox 243 1561 386 1600; x_wconf 91' lang='lat' dir='ltr'><strong>Troius</strong></span> <span class='ocrx_word' id='word_1_179' title='bbox 417 1561 596 1600; x_wconf 88' lang='lat' dir='ltr'><strong>Aeneas.</strong></span> <span class='ocrx_word' id='word_1_180' title='bbox 636 1562 836 1611; x_wconf 89' lang='lat' dir='ltr'><strong>sacrisque</strong></span> <span class='ocrx_word' id='word_1_181' title='bbox 869 1572 916 1599; x_wconf 87' lang='lat' dir='ltr'><strong>ex</strong></span> <span class='ocrx_word' id='word_1_182' title='bbox 947 1572 1057 1599; x_wconf 89' lang='lat' dir='ltr'><strong>more</strong></span> <span class='ocrx_word' id='word_1_183' title='bbox 1087 1560 1206 1599; x_wconf 90' lang='lat' dir='ltr'><strong>litatis</strong></span> 
     </span>
     <span class='ocr_line' id='line_1_26' title="bbox 243 1618 1299 1658; baseline -0.001 0"><span class='ocrx_word' id='word_1_184' title='bbox 243 1619 375 1658; x_wconf 87' lang='lat' dir='ltr'><strong>Litora</strong></span> <span class='ocrx_word' id='word_1_185' title='bbox 406 1619 485 1658; x_wconf 94' lang='lat' dir='ltr'><strong>adit</strong></span> <span class='ocrx_word' id='word_1_186' title='bbox 517 1619 690 1658; x_wconf 89' lang='lat' dir='ltr'><strong>nondum</strong></span> <span class='ocrx_word' id='word_1_187' title='bbox 722 1620 888 1657; x_wconf 89' lang='lat' dir='ltr'><strong>nutricis</strong></span> <span class='ocrx_word' id='word_1_188' title='bbox 920 1618 1102 1658; x_wconf 87' lang='lat' dir='ltr'><strong>habentia</strong></span> <span class='ocrx_word' id='word_1_189' title='bbox 1134 1631 1299 1658; x_wconf 89' lang='lat' dir='ltr'><strong>nomen.</strong></span> 
     </span>
    </p>

    <p class='ocr_par' dir='ltr' id='par_1_9' title="bbox 243 1677 1393 1789">
     <span class='ocr_line' id='line_1_27' title="bbox 243 1677 1393 1729; baseline 0 -13"><span class='ocrx_word' id='word_1_190' title='bbox 243 1677 316 1717; x_wconf 91' lang='lat' dir='ltr'><strong>Hic</strong></span> <span class='ocrx_word' id='word_1_191' title='bbox 342 1690 499 1729; x_wconf 92' lang='lat' dir='ltr'><strong>quoque</strong></span> <span class='ocrx_word' id='word_1_192' title='bbox 532 1677 762 1717; x_wconf 87' lang='lat' dir='ltr'><strong>substiterat</strong></span> <span class='ocrx_word' id='word_1_193' title='bbox 793 1683 882 1728; x_wconf 89' lang='lat' dir='ltr'><strong>post</strong></span> <span class='ocrx_word' id='word_1_194' title='bbox 914 1677 1037 1716; x_wconf 90' lang='lat' dir='ltr'><strong>taedia</strong></span> <span class='ocrx_word' id='word_1_195' title='bbox 1069 1677 1182 1728; x_wconf 87' lang='lat' dir='ltr'><strong>longa</strong></span> <span class='ocrx_word' id='word_1_196' title='bbox 1214 1677 1393 1718; x_wconf 91' lang='lat' dir='ltr'><strong>laborum</strong></span> 
     </span>
     <span class='ocr_line' id='line_1_28' title="bbox 243 1735 1292 1789; baseline 0 -14"><span class='ocrx_word' id='word_1_197' title='bbox 243 1736 417 1775; x_wconf 87' lang='lat' dir='ltr'><strong>Neritius</strong></span> <span class='ocrx_word' id='word_1_198' title='bbox 448 1736 679 1789; x_wconf 82' lang='lat' dir='ltr'><strong>Macareus,</strong></span> <span class='ocrx_word' id='word_1_199' title='bbox 712 1748 843 1774; x_wconf 90' lang='lat' dir='ltr'><strong>comes</strong></span> <span class='ocrx_word' id='word_1_200' title='bbox 875 1737 1113 1787; x_wconf 88' lang='lat' dir='ltr'><strong>experientis</strong></span> <span class='ocrx_word' id='word_1_201' title='bbox 1145 1735 1292 1776; x_wconf 87' lang='lat' dir='ltr'><strong>Ulixei.</strong></span> 
     </span>
    </p>

    <p class='ocr_par' dir='ltr' id='par_1_10' title="bbox 158 1793 1462 2080">
     <span class='ocr_line' id='line_1_29' title="bbox 158 1793 1362 1846; baseline 0 -13"><span class='ocrx_word' id='word_1_202' title='bbox 158 1803 223 1835; x_wconf 85' lang='lat'><strong>160</strong></span> <span class='ocrx_word' id='word_1_203' title='bbox 243 1795 452 1834; x_wconf 88' lang='lat' dir='ltr'><strong>Desertum</strong></span> <span class='ocrx_word' id='word_1_204' title='bbox 485 1794 680 1846; x_wconf 90' lang='lat' dir='ltr'><strong>quondam</strong></span> <span class='ocrx_word' id='word_1_205' title='bbox 712 1794 850 1833; x_wconf 90' lang='lat' dir='ltr'><strong>mediis</strong></span> <span class='ocrx_word' id='word_1_206' title='bbox 868 1825 880 1846; x_wconf 90' lang='lat'><em>‚</em></span> <span class='ocrx_word' id='word_1_207' title='bbox 911 1806 960 1833; x_wconf 90' lang='lat' dir='ltr'><strong>en</strong></span> <span class='ocrx_word' id='word_1_208' title='bbox 978 1825 990 1846; x_wconf 89' lang='lat'><em>,</em></span> <span class='ocrx_word' id='word_1_209' title='bbox 1021 1793 1186 1846; x_wconf 90' lang='lat' dir='ltr'><strong>rupibus</strong></span> <span class='ocrx_word' id='word_1_210' title='bbox 1217 1794 1362 1834; x_wconf 83' lang='lat' dir='ltr'><strong>Aetnae</strong></span> 
     </span>
     <span class='ocr_line' id='line_1_30' title="bbox 242 1852 1294 1906; baseline 0 -14"><span class='ocrx_word' id='word_1_211' title='bbox 242 1853 377 1892; x_wconf 91' lang='lat' dir='ltr'><strong>Noscit</strong></span> <span class='ocrx_word' id='word_1_212' title='bbox 408 1852 721 1892; x_wconf 87' lang='lat' dir='ltr'><strong>Achaemeniden</strong></span> <span class='ocrx_word' id='word_1_213' title='bbox 739 1884 750 1906; x_wconf 85' lang='lat'><em>,</em></span> <span class='ocrx_word' id='word_1_214' title='bbox 781 1853 1059 1904; x_wconf 89' lang='lat' dir='ltr'><strong>inprovisoque</strong></span> <span class='ocrx_word' id='word_1_215' title='bbox 1093 1858 1294 1904; x_wconf 87' lang='lat' dir='ltr'><strong>repertum</strong></span> 
     </span>
     <span class='ocr_line' id='line_1_31' title="bbox 241 1909 1159 1965; baseline 0 -16"><span class='ocrx_word' id='word_1_216' title='bbox 241 1911 379 1951; x_wconf 88' lang='lat' dir='ltr'><strong>Vivere</strong></span> <span class='ocrx_word' id='word_1_217' title='bbox 411 1913 604 1965; x_wconf 79' lang='lat' dir='ltr'><strong>miratus,</strong></span> <span class='ocrx_word' id='word_1_218' title='bbox 637 1909 719 1962; x_wconf 73' lang='lat' dir='ltr'><strong>‘qui</strong></span> <span class='ocrx_word' id='word_1_219' title='bbox 751 1916 789 1950; x_wconf 90' lang='lat' dir='ltr'><strong>te</strong></span> <span class='ocrx_word' id='word_1_220' title='bbox 821 1923 982 1949; x_wconf 89' lang='lat' dir='ltr'><strong>casusve</strong></span> <span class='ocrx_word' id='word_1_221' title='bbox 1015 1911 1159 1950; x_wconf 90' lang='lat' dir='ltr'><strong>deusve</strong></span> 
     </span>
     <span class='ocr_line' id='line_1_32' title="bbox 244 1966 1462 2023; baseline 0 -14"><span class='ocrx_word' id='word_1_222' title='bbox 244 1970 410 2023; x_wconf 86' lang='lat' dir='ltr'><strong>Servat,</strong></span> <span class='ocrx_word' id='word_1_223' title='bbox 440 1967 766 2009; x_wconf 82' lang='lat' dir='ltr'><strong>Achaemenide?</strong></span> <span class='ocrx_word' id='word_1_224' title='bbox 803 1966 889 2009; x_wconf 90' lang='lat' dir='ltr'><strong>cur&#39;</strong></span> <span class='ocrx_word' id='word_1_225' title='bbox 927 1970 1055 2020; x_wconf 87' lang='lat' dir='ltr'><strong>inquit</strong></span> <span class='ocrx_word' id='word_1_226' title='bbox 1093 1967 1270 2008; x_wconf 78' lang='lat' dir='ltr'><strong>‘barbara</strong></span> <span class='ocrx_word' id='word_1_227' title='bbox 1303 1969 1462 2009; x_wconf 85' lang='lat' dir='ltr'><strong>Graium</strong></span> 
     </span>
     <span class='ocr_line' id='line_1_33' title="bbox 242 2025 1344 2080; baseline -0.001 -13"><span class='ocrx_word' id='word_1_228' title='bbox 242 2029 364 2067; x_wconf 89' lang='lat' dir='ltr'><strong>Prora</strong></span> <span class='ocrx_word' id='word_1_229' title='bbox 398 2027 532 2068; x_wconf 76' lang='lat' dir='ltr'><strong>vehit?</strong></span> <span class='ocrx_word' id='word_1_230' title='bbox 555 2030 702 2080; x_wconf 87' lang='lat' dir='ltr'><strong>petitur</strong></span> <span class='ocrx_word' id='word_1_231' title='bbox 734 2034 862 2067; x_wconf 90' lang='lat' dir='ltr'><strong>vestra</strong></span> <span class='ocrx_word' id='word_1_232' title='bbox 895 2039 992 2078; x_wconf 90' lang='lat' dir='ltr'><strong>quae</strong></span> <span class='ocrx_word' id='word_1_233' title='bbox 1025 2033 1132 2067; x_wconf 88' lang='lat' dir='ltr'><strong>terra</strong></span> <span class='ocrx_word' id='word_1_234' title='bbox 1164 2029 1295 2067; x_wconf 89' lang='lat' dir='ltr'><strong>carina</strong></span> <span class='ocrx_word' id='word_1_235' title='bbox 1309 2025 1344 2067; x_wconf 70' lang='lat' dir='ltr'><strong>P’</strong></span> 
     </span>
    </p>

    <p class='ocr_par' dir='ltr' id='par_1_11' title="bbox 158 2086 1294 2198">
     <span class='ocr_line' id='line_1_34' title="bbox 158 2086 1239 2139; baseline 0 -14"><span class='ocrx_word' id='word_1_236' title='bbox 158 2094 221 2126; x_wconf 83' lang='grc'><strong>165</strong></span> <span class='ocrx_word' id='word_1_237' title='bbox 242 2086 348 2126; x_wconf 87' lang='lat' dir='ltr'><strong>Talia</strong></span> <span class='ocrx_word' id='word_1_238' title='bbox 381 2088 615 2139; x_wconf 75' lang='lat' dir='ltr'><strong>quaerenti,</strong></span> <span class='ocrx_word' id='word_1_239' title='bbox 646 2089 723 2125; x_wconf 90' lang='lat' dir='ltr'><strong>iam</strong></span> <span class='ocrx_word' id='word_1_240' title='bbox 754 2098 832 2125; x_wconf 90' lang='lat' dir='ltr'><strong>non</strong></span> <span class='ocrx_word' id='word_1_241' title='bbox 863 2086 1039 2125; x_wconf 88' lang='lat' dir='ltr'><strong>hirsutus</strong></span> <span class='ocrx_word' id='word_1_242' title='bbox 1072 2087 1239 2138; x_wconf 85' lang='lat' dir='ltr'><strong>amictu,</strong></span> 
     </span>
     <span class='ocr_line' id='line_1_35' title="bbox 242 2144 1294 2198; baseline -0.001 -14"><span class='ocrx_word' id='word_1_243' title='bbox 242 2145 322 2184; x_wconf 92' lang='lat' dir='ltr'><strong>lam</strong></span> <span class='ocrx_word' id='word_1_244' title='bbox 354 2157 449 2184; x_wconf 90' lang='lat' dir='ltr'><strong>suus</strong></span> <span class='ocrx_word' id='word_1_245' title='bbox 468 2176 479 2198; x_wconf 85' lang='lat'>,</span> <span class='ocrx_word' id='word_1_246' title='bbox 511 2150 551 2184; x_wconf 89' lang='lat' dir='ltr'><strong>et</strong></span> <span class='ocrx_word' id='word_1_247' title='bbox 581 2146 704 2196; x_wconf 90' lang='lat' dir='ltr'><strong>spinis</strong></span> <span class='ocrx_word' id='word_1_248' title='bbox 737 2150 919 2184; x_wconf 88' lang='lat' dir='ltr'><strong>conserto</strong></span> <span class='ocrx_word' id='word_1_249' title='bbox 952 2146 1120 2195; x_wconf 86' lang='lat' dir='ltr'><strong>tegmine</strong></span> <span class='ocrx_word' id='word_1_250' title='bbox 1153 2144 1294 2197; x_wconf 83' lang='lat' dir='ltr'><strong>nullis,</strong></span> 
     </span>
    </p>

    <p class='ocr_par' dir='ltr' id='par_1_12' title="bbox 240 2200 1404 2372">
     <span class='ocr_line' id='line_1_36' title="bbox 241 2200 1404 2254; baseline 0 -13"><span class='ocrx_word' id='word_1_251' title='bbox 241 2203 361 2242; x_wconf 90' lang='lat' dir='ltr'><strong>Fatur</strong></span> <span class='ocrx_word' id='word_1_252' title='bbox 391 2203 728 2243; x_wconf 86' lang='lat' dir='ltr'><strong>Achaemenides:</strong></span> <span class='ocrx_word' id='word_1_253' title='bbox 760 2200 920 2242; x_wconf 78' lang='lat' dir='ltr'><strong>‘iterum</strong></span> <span class='ocrx_word' id='word_1_254' title='bbox 950 2202 1215 2254; x_wconf 85' lang='lat' dir='ltr'><strong>Polyphemon</strong></span> <span class='ocrx_word' id='word_1_255' title='bbox 1248 2208 1288 2242; x_wconf 90' lang='lat' dir='ltr'><strong>et</strong></span> <span class='ocrx_word' id='word_1_256' title='bbox 1319 2202 1404 2242; x_wconf 90' lang='lat' dir='ltr'><strong>illos</strong></span> 
     </span>
     <span class='ocr_line' id='line_1_37' title="bbox 240 2261 1210 2314; baseline 0.001 -15"><span class='ocrx_word' id='word_1_257' title='bbox 240 2261 435 2312; x_wconf 89' lang='lat' dir='ltr'><strong>Aspiciam</strong></span> <span class='ocrx_word' id='word_1_258' title='bbox 466 2262 608 2301; x_wconf 90' lang='lat' dir='ltr'><strong>ssuidos</strong></span> <span class='ocrx_word' id='word_1_259' title='bbox 640 2261 809 2300; x_wconf 89' lang='lat' dir='ltr'><strong>humano</strong></span> <span class='ocrx_word' id='word_1_260' title='bbox 842 2262 1030 2312; x_wconf 86' lang='lat' dir='ltr'><strong>sanguine</strong></span> <span class='ocrx_word' id='word_1_261' title='bbox 1062 2262 1210 2314; x_wconf 89' lang='lat' dir='ltr'><strong>rictus,</strong></span> 
     </span>
     <span class='ocr_line' id='line_1_38' title="bbox 241 2318 1363 2372; baseline 0 -15"><span class='ocrx_word' id='word_1_262' title='bbox 241 2318 321 2358; x_wconf 90' lang='lat' dir='ltr'><strong>Hac</strong></span> <span class='ocrx_word' id='word_1_263' title='bbox 353 2320 447 2358; x_wconf 92' lang='lat' dir='ltr'><strong>mihi</strong></span> <span class='ocrx_word' id='word_1_264' title='bbox 480 2321 513 2359; x_wconf 89' lang='lat' dir='ltr'><strong>si</strong></span> <span class='ocrx_word' id='word_1_265' title='bbox 543 2321 674 2372; x_wconf 88' lang='lat' dir='ltr'><strong>potior</strong></span> <span class='ocrx_word' id='word_1_266' title='bbox 705 2319 844 2359; x_wconf 85' lang='lat' dir='ltr'><strong>domus</strong></span> <span class='ocrx_word' id='word_1_267' title='bbox 876 2325 937 2359; x_wconf 91' lang='lat' dir='ltr'><strong>est</strong></span> <span class='ocrx_word' id='word_1_268' title='bbox 967 2319 1177 2371; x_wconf 87' lang='lat' dir='ltr'><strong>Ithaceque</strong></span> <span class='ocrx_word' id='word_1_269' title='bbox 1209 2321 1363 2368; x_wconf 83' lang='lat' dir='ltr'><strong>carina,</strong></span> 
     </span>
    </p>
   </div>
  </div>
 </body>
</html>
