1554 2563
553 83 640 119 VIII
653 111 662 126 ,
689 86 873 119 354—427
890 109 897 117 .
1031 93 1188 117 cALYDou
1313 78 1389 120 161

172 194 275 235 Ecce
306 195 443 234 furens
473 200 609 234 contra
641 206 709 233 sua
742 194 818 232 sata
848 192 1070 244 bipennifer
1099 191 1220 230 Arcas

174 251 334 293 ‘Discite
353 285 364 306 ,
396 254 575 293 femineis
608 252 701 304 quid
732 251 809 291 tela
840 251 964 290 virilia
995 254 1220 302 praestent,

174 312 206 352 O
238 314 430 364 iuvenes,
461 313 649 364 operique
682 322 769 349 meo
802 310 1005 349 concedite
1025 306 1051 348 !’
1083 309 1180 348 dixit

175 369 278 422 ‘Ipsa
309 372 391 410 suis
422 371 515 410 ficet
544 370 649 409 hunc
680 369 841 408 Latonia
873 373 1054 420 protegat
1085 369 1226 419 armis,

86 438 153 471 395
174 430 297 469 Invita
329 436 458 469 tamen
490 429 595 468 hunc
626 430 795 480 perimet
826 440 911 466 mea
943 427 1081 465 dextra
1112 425 1233 465 Diana
1247 422 1270 463 .’

174 489 280 527 Talia
312 488 561 539 magniloquo
593 487 766 527 tumidus
798 491 1082 525 memoraverat
1112 497 1204 537 ore,

175 549 474 598 Ancipitemque
506 559 623 585 manu
656 545 796 585 tollens
827 551 994 596 utraque
1028 545 1199 583 securim

174 606 375 645 Institerat
406 606 537 657 digitis
555 637 566 658 ,
597 617 743 657 pronos
775 616 992 656 suspensus
1023 604 1064 642 in
1095 608 1228 641 artus,

175 665 352 716 Occupat
382 664 592 703 audentem
610 695 622 716 ,
654 675 808 715 quaque
841 668 902 702 est
932 664 992 701 via
1023 662 1200 713 proxima
1231 659 1331 709 leto,

87 732 155 764 400
175 723 335 762 Summa
366 723 475 762 ferus
507 723 683 774 geminos
715 722 858 761 direxit
890 721 937 760 ad
968 721 1128 771 inguina
1160 719 1320 757 dentes.

175 781 354 821 Concidit
386 783 565 820 Ancaeus
584 813 594 833 ‚
626 781 918 832 glomerataque
951 780 1139 830 sanguine
1171 777 1294 816 multo

174 840 332 880 Viscera
362 840 468 892 lapsa
493 840 622 878 ssuunt
639 872 650 891 ‚
681 839 975 889 madefactaque
1006 844 1113 877 terra
1145 847 1286 875 cruore
1318 840 1393 873 est·

177 899 259 938 Ibat
289 901 330 938 in
362 899 569 938 adversum
599 898 731 950 proles
763 897 907 936 Ixionis
939 897 1093 935 hostem

176 957 376 997 Pirithous
394 989 406 1010 ,
437 957 559 996 valida
591 959 770 1008 quatiens
802 955 992 994 venabula
1023 955 1182 993 dextra.

84 1024 151 1056 405
179 1016 251 1055 Cui
282 1015 475 1067 ‘proculf
508 1016 674 1065 Aegides
708 1013 744 1052 ‘o
777 1025 839 1052 me
871 1014 968 1052 mihi
1000 1012 1144 1052 carior'
1176 1013 1304 1063 inquit

177 1070 289 1111 ‘Pars
321 1075 470 1111 animae
504 1073 675 1111 consiste
707 1070 845 1110 meae!
876 1071 969 1110 licet
999 1072 1153 1109 eminus
1185 1081 1272 1108 esse

177 1131 392 1171 Fortibus:
423 1132 577 1170 Ancaeo
610 1132 744 1169 nocuit
775 1131 983 1169 temeraria
1015 1130 1139 1167 virtus
1155 1125 1178 1166 .’

177 1190 309 1242 Dixit,
341 1196 380 1229 et
411 1196 540 1228 aerata
572 1191 687 1228 torsit
717 1201 832 1240 grave
865 1187 1026 1240 cuspide
1060 1198 1248 1237 cornum;

178 1248 250 1287 Cui
281 1248 382 1287 bene
414 1248 554 1287 librato
586 1249 744 1298 votique
776 1253 936 1299 potente
969 1247 1103 1285 futuro

90 1316 158 1347 410
179 1307 340 1346 Obstitit
370 1306 523 1358 obstipa
554 1306 765 1346 frondosus
796 1305 843 1344 ab
876 1301 1015 1344 arbore
1047 1316 1203 1343 ramuS.

177 1366 283 1404 Misit
313 1372 353 1404 et
383 1365 597 1404 Aesonides
628 1365 798 1404 iaculum
817 1396 828 1417 ‚
860 1364 964 1415 quod
996 1375 1110 1403 casus
1142 1362 1189 1401 ab
1220 1361 1285 1401 illo

178 1424 305 1463 Vertit
334 1426 375 1463 in
405 1425 579 1463 inmeriti
611 1424 733 1462 fatum
763 1424 940 1462 latrantis
959 1454 970 1474 ‚
1002 1429 1041 1461 et
1071 1423 1175 1460 inter

180 1482 246 1521 Il-ia
278 1484 502 1522 coniectum
533 1482 674 1521 tellure
706 1494 778 1533 per
808 1482 874 1520 ilia
905 1482 1026 1519 fixum
1057 1485 1139 1519 est.

180 1543 228 1580 At
259 1552 397 1580 manus
430 1540 602 1580 Oenidae
634 1542 785 1593 variat,
816 1541 1025 1590 missisque
1058 1537 1210 1577 duabus

92 1607 158 1639 «215
180 1599 299 1639 Hasta
330 1601 440 1651 prior
471 1605 577 1638 terra
595 1631 606 1651 ‚
638 1599 766 1638 medio
799 1599 908 1637 stetit
939 1597 1060 1636 altera
1091 1602 1228 1648 tergo.

179 1658 260 1697 Nec
279 1670 389 1697 mora
406 1689 418 1710 ‚
444 1658 537 1697 dum
558 1659 680 1696 saevit
696 1689 708 1709 ‚
735 1657 828 1695 dum
849 1668 1015 1707 corpora
1034 1660 1166 1694 versat
1183 1656 1225 1694 in
1245 1654 1403 1708 orbemf

181 1717 500 1768 Stridentemque
532 1728 632 1755 novo
664 1727 843 1767 spumam
875 1727 965 1754 cum
997 1715 1185 1765 sanguine
1217 1713 1370 1765 fundit,

179 1775 360 1814 Vulneris
387 1780 524 1814 auctor
556 1775 695 1827 adest,
725 1774 958 1824 hostemque
990 1774 1120 1812 irritat
1151 1772 1198 1811 ad
1230 1774 1352 1824 iram,

182 1833 469 1885 Splendidaque
501 1833 685 1872 adversos
718 1831 906 1871 venabula
938 1831 1072 1871 condit
1102 1832 1143 1870 in
1175 1842 1328 1869 armos.

94 1900 161 1932 420
181 1892 328 1931 Gaudia
358 1898 554 1931 testantur
585 1893 681 1930 socii
712 1891 882 1930 clamore
914 1890 1110 1942 secundo,

180 1950 468 2001 victricemque
500 1956 640 2002 petunt
670 1950 829 1988 dextrae
862 1950 1102 1999 coniungere
1134 1947 1334 1998 dextram3

181 2009 460 2060 Inmanemque
491 2010 622 2048 serum
653 2008 774 2047 multa
807 2008 946 2046 tellure
977 2009 1171 2046 iacentem

181 2068 368 2107 Mirantes
400 2074 607 2119 spectant,
638 2079 766 2118 neque
799 2066 925 2105 adhuc
957 2066 1186 2115 contingere
1218 2069 1346 2103 tutum

182 2126 277 2165 Esse
309 2132 478 2178 putant,
510 2126 578 2164 sed
611 2125 686 2164 tela
719 2131 847 2164 tamen
880 2136 949 2162 sua
981 2126 1148 2174 quisque
1181 2129 1376 2162 cruentat.

97 2185 270 2236 4251pse
301 2185 400 2236 pede
432 2186 602 2236 inposito
635 2190 751 2235 caput
782 2182 977 2222 exitiabile
1008 2183 1177 2233 pressit,

182 2245 308 2294 Atque
340 2245 392 2282 ita
425 2240 550 2282 ‘sume
583 2244 660 2281 mei
692 2242 890 2293 spolium,
921 2240 1142 2293 Nonacria,
1173 2241 1271 2279 iuris
1284 2237 1310 2291 ᾖ

182 2301 286 2340 Dixit
317 2298 373 2341 ‘et
402 2303 443 2341 in
474 2306 625 2353 partem
657 2302 786 2339 veniat
816 2311 901 2338 mea
934 2299 1056 2351 gloria
1086 2304 1218 2337 tecum
1233 2295 1258 2336 .'

134 2374 246 2400 ovu),
265 2374 311 2399 11.
1080 2370 1118 2399 11
