1554 2563
180 127 266 169 300
399 138 600 162 VERTUMNUS
728 124 940 159 METAMM
954 152 962 160 .

298 236 379 275 Hos
411 246 568 286 quoque
599 233 866 273 Vertumnus.
905 246 1032 285 neque
1064 240 1147 272 erat
1178 233 1328 272 felicior
1360 232 1437 272 illis

299 294 330 333 Ο
364 295 546 345 quotiens
577 292 711 332 habitu
744 293 832 332 duri
864 293 1050 331 messoris
1081 293 1220 330 aristas

300 351 426 391 Corbe
459 351 577 404 tulit,
608 353 768 402 verique
801 352 876 390 suit
906 351 1092 389 messoris
1123 349 1271 401 imago!

213 418 278 450 645
299 411 492 462 Tempora
524 422 639 461 saepe
671 421 813 461 gerens
845 409 958 448 faeno
990 408 1149 460 religata
1180 409 1330 448 recenti

299 468 508 508 Desectum
539 474 692 520 poterat
722 479 882 519 gramen
914 479 1090 506 vers-asse
1121 466 1266 506 videri.

301 527 424 579 Saepe
457 538 574 566 manu
606 526 784 566 stimulos
815 525 938 577 rigida
969 525 1177 577 portabat,
1208 531 1252 565 ut
1282 525 1389 564 illum

300 586 454 625 iurares
487 586 612 624 sessos
645 585 759 624 modo
793 585 1026 623 disiunxisse
1058 586 1267 623 iuvencos.

300 644 413 683 Falce
445 644 531 683 data
565 644 765 682 frondator
797 649 881 682 erat
912 644 1079 693 vitisque
1111 648 1292 694 putator:

214 709 280 742 650
300 703 485 742 Induerat
516 702 637 741 scalas
657 733 667 753 ‚
698 702 893 741 lecturum
924 713 1037 753 poma
1068 706 1250 752 putares.

299 761 409 800 Miles
441 766 526 800 erat
557 760 681 812 gladio
701 792 712 812 ,
743 762 915 812 piscator
946 759 1164 798 harundine
1197 765 1373 811 sumpta.

301 819 477 870 Denique
508 831 579 871 per
610 818 751 858 multas
783 818 931 857 aditum
963 818 1037 857 sibi
1067 830 1182 869 saepe
1215 818 1357 869 figuras

300 878 489 930 Repperit
505 909 517 930 ,
548 883 592 916 ut
624 883 782 929 caperet
813 881 1008 928 spectatae
1040 876 1179 928 gaudia
1209 877 1379 915 formae.

301 937 368 975 Ill-e
401 938 518 975 etiam
550 938 654 987 picta
684 935 890 974 redimitus
923 940 1099 986 tempora
1131 936 1269 987 mitra,

213 1003 279 1034 655
300 995 476 1034 Innitens
507 994 645 1033 haculo
664 1025 676 1047 ‚
706 995 844 1046 positis
876 993 923 1032 ad
955 999 1130 1045 tempora
1163 996 1293 1046 canis,

300 1053 549 1092 Assimulavit
574 1065 691 1092 anum
710 1084 721 1106 ,
754 1052 958 1103 cultosque
984 1053 1144 1091 intravit
1167 1053 1208 1090 in
1233 1052 1393 1105 hortos3
1425 1060 1452 1087 r.
1473 1067 1520 1088 eo.

300 1112 498 1163 Pomaque
529 1113 667 1150 mirata
693 1116 781 1150 est.
820 1107 959 1149 ‘tanto’
986 1122 1061 1161 que
1088 1107 1302 1162 ‘potentior
1321 1107 1346 1150 l'
1371 1112 1521 1163 inquit,

301 1170 496 1220 Pluraque
529 1170 705 1209 laudatae
738 1181 782 1208 ac
814 1169 921 1208 dedit
952 1169 1084 1208 oscula
1103 1200 1114 1221 ‚
1145 1168 1272 1219 qualia
1309 1181 1521 1221 numquam

303 1227 401 1267 Vera
433 1228 607 1267 dedisset
638 1240 765 1267 anus:
797 1227 1010 1278 glaebaque
1042 1229 1203 1266 incurva
1235 1227 1405 1280 resedit,

214 1294 280 1326 660
302 1287 528 1337 suspiciens
560 1286 708 1337 pandos
740 1287 917 1324 autumni
948 1285 1122 1337 pondere
1154 1297 1304 1325 ramos.

303 1345 436 1384 Ulmus
467 1350 551 1383 erat
583 1349 718 1383 contra
750 1345 925 1395 speciosa
956 1343 1172 1383 nitentibus
1203 1345 1311 1383 uvis:

303 1403 427 1449 Quam
460 1408 614 1454 compta
644 1408 851 1454 postquam
882 1404 1030 1454 pariter
1061 1403 1205 1441 virtute
1237 1401 1438 1455 probavit,

303 1459 367 1500 ‘At
398 1463 431 1500 si
463 1458 600 1500 staret'
632 1462 685 1500 ait
717 1458 886 1500 ‘caelebs
919 1460 1002 1499 sine
1033 1460 1190 1512 palmite
1224 1468 1411 1513 truncus,

301 1519 363 1558 Nil
394 1525 551 1571 praeter
583 1519 742 1558 frondes
760 1550 771 1572 ,
804 1531 923 1570 quare
955 1524 1189 1571 peteretur,
1220 1518 1403 1558 haberet.

214 1586 279 1617 665
302 1578 406 1617 llaec
438 1590 595 1629 quoque
613 1610 625 1631 ‚
657 1589 756 1629 quae
787 1579 920 1617 iuncta
950 1578 1039 1616 vitis
1077 1578 1292 1628 requiescit
1321 1579 1362 1616 in
1393 1577 1498 1616 ulmo
1509 1608 1521 1630 ‚

302 1636 345 1676 Si
375 1648 453 1675 non
486 1642 607 1688 nupta
638 1637 741 1675 foret
757 1667 769 1689 ,
800 1641 928 1675 terrae
961 1635 1145 1675 acclinata
1178 1637 1346 1675 iaceret.

300 1694 359 1734 Tu
392 1701 522 1734 tamen
554 1695 730 1746 exemplo
762 1706 841 1733 non
875 1696 1047 1745 tangeris
1082 1694 1234 1733 arboris
1264 1694 1405 1747 huius,

300 1753 620 1804 Concubitusque
653 1754 755 1804 sugis
773 1784 785 1805 ,
817 1765 890 1791 nec
922 1758 960 1791 te
993 1754 1233 1804 coniungere
1267 1764 1404 1792 curas.

301 1811 428 1862 Atque
460 1813 608 1851 utinam
639 1810 786 1850 velles!
818 1810 967 1850 Helene
999 1823 1077 1850 non
1109 1810 1287 1862 pluribus
1319 1817 1424 1850 esset

214 1878 282 1909 670
303 1870 516 1909 Sollicitata
547 1871 678 1921 procis
696 1901 708 1922 ‚
739 1881 812 1908 nec
845 1881 942 1920 quae
974 1868 1174 1920 Lapitheia
1206 1871 1325 1908 movit

300 1928 453 1967 Proelia
472 1960 483 1981 ‚
515 1940 589 1967 nec
621 1930 791 1966 coniunx
822 1928 977 1979 timidi,
1008 1933 1075 1966 aut
1106 1927 1263 1966 audacis
1295 1927 1439 1967 Ulixis.

302 1987 415 2026 Nunc
448 1998 605 2037 quoque
624 2018 635 2039 ,
668 1999 757 2025 cum
790 1986 914 2037 fugias
946 1987 1216 2036 averserisque
1247 1991 1448 2039 petentes,

299 2045 402 2084 Mil-le
434 2046 507 2083 viri
539 2047 704 2096 cupiunt
735 2050 774 2083 et
805 2043 1044 2094 semideique
1077 2044 1218 2095 deique
1326 2055 1329 2058 ·

300 2103 348 2142 Et
381 2115 651 2154 quaecumque
684 2108 820 2142 tenent
850 2102 1018 2141 Albanos
1050 2104 1209 2141 numina
1241 2108 1416 2142 montes.

213 2169 279 2200 675
302 2161 377 2199 Sed
411 2168 453 2200 tu
486 2163 518 2200 si
550 2163 707 2213 sapies,
738 2162 771 2199 si
803 2166 841 2199 te
873 2160 973 2199 bene
1004 2161 1166 2212 iungere
1200 2172 1394 2211 anumque

300 2219 408 2258 Ilanc
439 2219 576 2258 audire
609 2219 744 2271 voles,
777 2231 875 2269 quae
908 2224 946 2257 te
978 2218 1066 2270 plus
1097 2218 1280 2258 omnibus
1312 2219 1413 2270 illis,

297 2277 390 2316 Plus
423 2289 539 2328 quam
573 2277 730 2329 credis,
762 2289 847 2315 amo
867 2308 877 2328 ,
908 2276 1088 2327 vulgares
1120 2281 1224 2316 reice
1256 2277 1412 2328 taedas,

299 2333 636 2387 Vertumnumque
668 2336 744 2374 tori
776 2337 927 2375 socium
959 2334 1029 2375 tibi
1061 2335 1179 2386 selige
1200 2366 1208 2373 .
1245 2347 1318 2387 pro
1351 2346 1428 2385 quo
