1554 2563
587 119 637 154 III
652 147 660 164 ,
687 123 872 156 581-653
888 148 894 155 .
1052 131 1201 153 AGOETES
1360 117 1415 158 63

195 231 277 270 Hoc
308 230 448 283 probat
467 230 692 270 Alcimedon
712 261 723 282 ‚
754 236 795 269 et
814 231 881 281 qui
900 230 1156 281 requiemque
1178 227 1413 278 modumque

193 289 294 328 Voce
326 289 441 328 dabat
471 291 591 328 remis
609 321 620 341 ‚
652 290 872 328 animorum
902 287 1080 328 hortator
1110 287 1317 339 Epopeus3

106 356 173 388 620
193 348 276 387 Hec
307 359 443 388 omnes
475 344 571 387 aliiz‘
594 347 761 399 praedae
794 352 872 386 tam
905 358 1019 386 caeca
1052 346 1193 398 cupido
1227 354 1307 384 est.

193 404 310 446 “Non
342 413 472 446 tamen
503 406 603 445 hanc
635 418 746 445 sacro
779 405 914 444 violari
945 404 1119 457 pondere
1150 406 1285 456 pinum

192 465 395 517 Perpetiar
413 462 439 517 ς’
472 465 551 504 dixi
584 462 689 516 ‘pars
715 464 778 503 hic
809 464 905 503 mihi
935 465 1101 503 maxima
1132 464 1231 502 iuris
1246 460 1285 501 .''

193 524 314 576 Inque
346 523 452 563 aditu
485 523 661 562 obsisto.
700 524 795 562 furit
826 522 1108 562 audacissimus
1134 523 1239 560 omni

194 583 248 622 De
280 594 445 622 numero
477 581 649 634 Lycabas
668 613 679 634 ,
711 583 779 633 qui
810 581 938 620 Tusca
970 581 1107 633 pulsus
1133 580 1179 619 ab
1213 580 1308 619 urbe

105 650 171 681 625
192 641 361 680 Exilium
393 641 476 680 dira
507 652 671 692 poenam
703 652 775 692 pro
808 639 926 679 caede
957 639 1110 679 luebat.

194 700 229 739 ls
260 699 356 740 mihi
374 732 385 752 ‚
420 699 513 739 dum
544 704 650 739 resto
670 731 681 751 ‚
713 698 882 738 iuvenali
913 704 1072 751 guttura
1102 710 1233 750 pugno

192 759 340 810 Rupit,
373 764 412 798 et
444 770 653 798 excussum
684 759 858 797 misisset
887 759 927 797 in
960 769 1159 809 aequora,
1191 758 1224 796 si
1256 769 1334 795 non

194 817 417 856 {laesissem
435 849 447 870 ‚
480 818 655 868 quamvis
687 828 850 869 amens,
881 817 921 855 in
954 817 1046 855 fune
1078 821 1281 855 retentus.

195 877 313 928 Impia
345 875 461 915 turba
480 876 621 927 probat
640 877 786 915 factum
806 906 814 914 .
849 881 931 914 tum
957 875 1126 926 denique
1147 873 1347 926 Bacchus,
1362 895 1413 902 -

107 944 173 975 630
194 934 370 974 Bacchus
403 936 508 974 enim
540 935 668 974 suerat
700 955 755 962 -
788 933 908 973 veluti
940 933 1110 973 clamore
1142 932 1295 972 solutus

195 994 255 1033 Sit
285 1005 433 1046 sopor,
465 1005 564 1045 aque
597 1004 706 1032 mero
738 991 902 1031 redeant
932 993 973 1031 in
1004 997 1164 1043 pectora
1190 1003 1354 1043 sensus,

195 1050 328 1098 “Quid
350 1053 477 1091 facitis
490 1049 513 1091 ⁶?
532 1053 620 1103 quis
640 1051 787 1090 clamor
800 1048 837 1090 ‘?'
858 1053 934 1103 ait,
955 1047 1047 1102 ‘qua
1059 1081 1071 1103 ,
1091 1050 1232 1101 dicite,
1254 1057 1393 1089 nautae
1407 1082 1417 1101 ,

192 1110 279 1150 Huc
310 1123 384 1162 ope
409 1108 612 1162 perveni?
643 1122 720 1161 quo
752 1121 815 1150 me
847 1109 1002 1148 deferre
1034 1110 1180 1160 paratis
1194 1105 1247 1147 ?”

194 1167 332 1209 “Pone
364 1175 513 1209 metum
531 1165 558 1221 ‚³
590 1168 762 1208 Proreus
795 1165 851 1207 ‘et
888 1180 987 1220 quos
1020 1168 1248 1218 contingere
1280 1173 1416 1219 portus

107 1237 173 1268 635
194 1228 275 1268 Ede
307 1228 402 1267 velis
422 1225 446 1267 :'
480 1228 577 1267 dixit
609 1225 730 1267 ‘terra
762 1228 902 1266 sistere
934 1228 1054 1278 petita
1069 1222 1110 1265 .'’

195 1283 378 1326 “Naxon’
411 1288 464 1325 ait
494 1285 612 1326 Liber
644 1283 802 1326 ‘cursus
833 1285 1023 1325 advertite
1056 1291 1231 1325 vestros.

170 1346 261 1386 -Illa
292 1345 387 1385 mibi
419 1345 558 1385 domus
591 1350 680 1384 est:
710 1344 820 1384 vobis
854 1345 929 1383 erit
959 1344 1113 1395 hospita
1144 1340 1316 1383 telluS.'’

194 1405 270 1445 Per
302 1416 408 1444 mare
440 1404 595 1443 fallaces
626 1415 776 1455 perque
808 1404 937 1442 omnia
969 1404 1129 1442 numina
1159 1404 1291 1441 iurant

195 1463 260 1503 Sic
291 1464 375 1502 fore
394 1495 405 1515 ,
437 1474 578 1514 meque
610 1462 748 1501 iubent
778 1463 904 1513 pictae
937 1461 1029 1501 dare
1062 1460 1145 1500 vela
1176 1462 1354 1500 carinae.

109 1530 175 1563 640
196 1522 363 1562 Dextera
394 1520 522 1560 Naxos
555 1526 667 1560 erat:
698 1520 835 1560 dextra
867 1520 962 1559 mihi
992 1519 1111 1558 lintea
1143 1519 1250 1558 danti

196 1577 330 1626 “Quid
363 1580 456 1619 sacis
475 1611 487 1631 ,
519 1591 541 1618 ο
574 1579 736 1618 demens
755 1576 777 1618 Ῥ
809 1580 896 1630 quis
930 1584 968 1617 te
1000 1579 1168 1617 furor—
1189 1573 1242 1617 ‘?”
1275 1578 1402 1628 inquit

999 1635 1209 1688 Opheltes;

199 1698 293 1749 [Pro
314 1710 355 1737 se
376 1699 543 1749 quisque
556 1729 567 1749 ‚
592 1694 748 1736 ‘tenet‘P
779 1696 925 1735 laevam
946 1701 1035 1747 pete
1050 1691 1090 1735 .''
1111 1696 1275 1734 maxima
1302 1693 1419 1745 nutu]

197 1757 293 1796 Pars
313 1756 407 1796 mihi
428 1756 622 1808 significat
638 1787 649 1808 ,
680 1767 772 1807 pars
791 1786 801 1807 ‚
835 1754 927 1806 quid
948 1754 1041 1793 velit
1058 1785 1069 1805 ‚
1102 1765 1196 1792 aure
1218 1758 1419 1793 susurrat.

199 1815 409 1867 Obstipui,
441 1811 614 1867 “capiat'
647 1826 724 1865 que
757 1810 912 1864 ‘aliquis
945 1808 1241 1852 moderamina''
1273 1812 1351 1851 dixi

112 1882 178 1914 645
199 1874 340 1925 Meque
371 1874 591 1914 ministerio
624 1872 864 1923 scelerisque
897 1873 1072 1922 artisque
1104 1872 1274 1909 removi.

197 1933 385 1984 Increpor
417 1945 438 1971 a
469 1933 622 1972 cunctis
641 1963 652 1983 ,
685 1937 889 1981 totumque
920 1931 1183 1969 inmurmurat
1214 1940 1373 1980 agmen.

198 1991 229 2031 Ε
262 1990 405 2043 quihus
436 1990 641 2030 Aethalion
673 1986 744 2029 “te
776 1989 927 2028 scilicet
957 1989 1084 2027 omnis
1115 1988 1156 2027 in
1188 1999 1266 2026 uno

199 2049 340 2089 Nostra
371 2049 475 2089 salus
495 2050 621 2101 posita
653 2053 713 2088 est
732 2044 773 2087 !''
805 2049 887 2100 ait,
920 2052 960 2086 et
984 2046 1090 2085 subit
1108 2047 1193 2097 ipse
1212 2056 1421 2096 meumque

199 2108 340 2161 Explet
370 2121 469 2160 opus
487 2140 498 2160 ,
530 2107 716 2158 Naxoque
748 2107 846 2158 petit
877 2105 1030 2145 diversa
1062 2104 1222 2143 relicta.

111 2175 179 2207 650
199 2167 300 2207 Tum
332 2167 429 2206 deus
461 2166 629 2205 illudens
647 2198 658 2218 ,
690 2172 887 2216 tamquam
920 2162 1034 2202 modo
1055 2163 1225 2214 denique
1246 2162 1422 2201 fraudem

200 2226 405 2278 Senserit,
437 2238 458 2264 e
489 2226 612 2277 puppi
642 2230 807 2276 pontum
838 2227 1065 2274 prospectat
1096 2221 1246 2260 adunca

200 2284 249 2324 Et
280 2283 389 2323 flenti
420 2283 557 2323 simflis
584 2279 695 2322 “non
726 2282 823 2321 haec
854 2281 951 2321 mihi
982 2280 1096 2320 litora
1114 2312 1126 2332 ‚
1158 2285 1322 2331 nautae,

199 2342 439 2382 Promisistis
460 2339 484 2393 ,'
517 2343 598 2391 ait,
631 2338 724 2380 ‘non
756 2340 851 2379 haec
883 2339 977 2378 mihi
1009 2344 1115 2378 terra
1146 2345 1278 2388 rogata
1311 2342 1392 2377 est.
