1554 2563
146 110 171 152 2
178 111 230 152 76
385 123 545 146 oanni-:A
694 109 908 144 METAMM
922 136 931 146 .

263 220 386 260 Enixa
417 226 478 260 est
496 252 507 273 ,
538 231 637 271 quae
669 231 757 259 sum
788 219 903 259 turba
934 232 1091 271 quoque
1121 225 1207 260 tuta
1237 232 1441 274 sororum,

263 279 349 317 Non
380 280 456 318 nisi
486 291 558 330 per
588 278 718 318 luctus
749 278 860 318 licuit
891 278 1067 330 Cyclopis
1099 290 1272 318 amorem

176 344 242 377 ‘145
263 334 461 388 Effugere'
493 342 534 376 et
563 336 743 376 lacrimae
774 349 910 376 vocem
940 337 1154 388 impediere
1185 337 1404 388 loquentis.

263 396 367 441 Quas
399 394 468 435 ubi
498 407 717 434 marmoreo
750 395 915 434 detersit
945 395 1085 447 pollice
1117 396 1248 447 virgo,

262 454 312 493 Et
344 454 465 493 solata
496 454 608 493 deam
640 460 728 506 est,
760 450 880 493 ‘refer
898 486 910 506 ,
941 466 963 492 o
996 455 1196 493 carissima
1212 451 1239 507 ,³
1271 454 1368 493 dixit

263 510 382 551 ‘Neve
414 514 473 552 tui
504 524 660 552 causam
691 518 779 564 tege
806 534 861 540 -—
894 524 981 551 sum
1012 511 1084 552 tibi
1115 512 1190 551 fida
1216 534 1271 541 —
1297 512 1465 552 doloris.

262 571 401 610 Nereis
432 571 493 610 his
525 577 662 610 contra
692 576 874 610 resecuta
906 570 1107 610 Crataeide
1140 576 1270 610 natam
1302 577 1384 616 est:

175 636 243 670 ‘150
264 627 368 668 ‘Acis
401 635 484 668 erat
515 629 647 668 Fauno
679 629 926 681 nymphaque
959 629 1206 681 Symaethide
1240 635 1396 683 cretus,

261 688 398 739 Magna
430 688 588 739 quidem
618 690 819 740 patrisque
851 689 913 727 sui
943 690 1158 739 matrisque
1189 687 1390 740 voluptas,

262 746 403 786 Nostra
435 752 564 786 tamen
596 748 719 785 maior
739 777 747 785 .
785 758 876 785 nam
904 759 968 786 me
999 746 1074 785 sibi
1104 748 1285 786 iunxerat
1316 748 1406 786 uni.

261 805 431 844 Pulcher
463 811 503 844 et
534 807 684 844 octonis
715 806 860 844 iterum
891 805 1085 844 natalibus
1116 806 1213 844 actis

263 863 445 914 Signarat
475 863 593 903 dubia
624 870 780 903 teneras
811 863 993 914 lanugine
1025 863 1166 903 malas.

175 929 241 961 755
262 921 375 961 Hunc
406 935 478 974 ego
497 954 508 974 ,
540 934 601 961 me
635 921 798 974 Cyclops
830 922 935 961 nulla
967 934 1057 961 cum
1088 923 1164 961 fine
1195 921 1377 974 petebat:

261 980 342 1020 Nec
360 1013 371 1033 ,
404 983 438 1020 si
469 982 684 1032 quaesieris
702 1012 714 1033 ,
745 980 878 1020 odium
909 980 1087 1033 Cyclopis
1105 1012 1117 1033 ,
1149 992 1307 1020 amorne

262 1039 392 1078 Acidis
423 1041 464 1078 in
495 1039 608 1078 nobis
640 1039 761 1078 fuerit
790 1040 1065 1092 praesentior,
1097 1039 1231 1079 edam:

261 1098 337 1136 Par
368 1104 581 1149 utrumque
613 1098 715 1137 fuit.
753 1109 825 1149 pro
843 1129 855 1150 ,
886 1103 1030 1149 quanta
1061 1099 1235 1149 potentia
1266 1098 1378 1149 regni

262 1155 361 1208 Est,
392 1155 523 1195 Venus
549 1156 647 1194 alma
666 1187 677 1208 ,
708 1155 795 1195 tui!
828 1168 968 1208 nempe
999 1155 1064 1195 ille
1095 1157 1244 1195 inmitis
1276 1161 1315 1195 et
1346 1157 1440 1207 ipsis

176 1222 242 1254 ‘160
263 1214 493 1253 Horrendus
525 1214 631 1252 silvis
663 1219 703 1253 et
733 1216 839 1253 visus
871 1214 918 1253 ab
950 1214 1104 1265 hospite
1136 1214 1242 1254 nullo

262 1272 412 1323 lnpune
431 1304 442 1324 ,
473 1277 513 1311 et
544 1273 673 1323 magni
704 1284 793 1311 cum
825 1272 884 1311 dis
917 1278 1163 1324 contemptor
1195 1272 1371 1325 Olympi,

263 1331 364 1376 Quid
397 1332 448 1370 sit
478 1342 616 1383 amor,
647 1332 795 1382 sentit,
826 1330 1027 1382 validaque
1059 1331 1243 1383 cupidine
1275 1337 1412 1383 captus

261 1389 427 1441 Uritur,
458 1389 602 1428 oblitus
633 1401 822 1440 pecorum
853 1395 1135 1440 antrorumque
1167 1401 1353 1429 suorum.

261 1447 419 1499 lamque
451 1447 523 1486 tibi
554 1448 701 1486 formae
719 1479 731 1500 ,
762 1449 916 1499 iamque
948 1454 1009 1486 est
1045 1447 1117 1487 tibi
1158 1460 1252 1487 cura
1283 1448 1459 1499 placendi

175 1506 342 1545 7651am
373 1505 519 1556 rigidos
551 1507 675 1557 pectis
707 1508 873 1558 rastris,
904 1505 1140 1557 Polypheme
1158 1537 1170 1559 ,
1202 1506 1384 1559 capillos;

261 1564 340 1603 lam
372 1564 467 1603 libet
497 1564 690 1603 hirsutam
721 1564 792 1603 tibi
823 1564 919 1603 falce
951 1565 1128 1604 recidere
1159 1564 1342 1618 barbam,

261 1623 311 1661 Et
341 1629 520 1674 spectare
553 1623 658 1661 seros
688 1624 729 1661 in
761 1635 860 1673 aqua
892 1628 931 1662 et
962 1635 1198 1674 componere
1228 1623 1382 1664 vultus.

262 1681 399 1720 Caedis
431 1692 539 1720 amor
571 1682 783 1732 feritasque
815 1683 979 1732 sitisque
1010 1683 1187 1720 inmensa
1218 1684 1371 1721 cruoris

262 1739 426 1778 Cessant
444 1771 456 1792 ,
487 1745 527 1778 et
557 1745 664 1779 tutae
696 1741 936 1791 veniuntque
968 1739 1191 1791 abeuntque
1223 1742 1399 1780 carinae.

174 1805 241 1837 770
260 1798 443 1836 Telemus
474 1799 624 1836 interea
657 1797 827 1837 Siculam
859 1798 1010 1837 delatus
1042 1798 1089 1837 ad
1120 1799 1295 1851 Aetnen,

260 1856 444 1894 Telemus
476 1855 708 1907 Eurymides
726 1887 738 1909 ,
770 1868 887 1907 quem
917 1856 1023 1895 nulla
1054 1857 1246 1896 fefellerat
1276 1857 1379 1910 ales,

260 1914 494 1954 Terribilem
524 1914 789 1966 Polyphemon
821 1915 928 1967 adit,
961 1911 1139 1954 “lumen'
1171 1928 1247 1966 que
1266 1947 1277 1967 ,
1310 1913 1429 1966 ‘quod

1469 508 1482 527 5

1359 1986 1480 2013 unum

260 2030 406 2070 Fronte
439 2033 545 2083 geris
577 2031 703 2070 media
722 2063 733 2084 ,
764 2033 890 2083 rapiet
920 2028 1006 2070 tibi'
1039 2031 1136 2071 dixit
1168 2029 1370 2071 ‘Ulixesf’

260 2088 361 2128 Risit
392 2095 432 2129 et
463 2087 516 2128 “o
548 2097 679 2129 vatum
710 2090 960 2129 stolidissime
979 2121 990 2141 ,
1021 2090 1166 2129 falleris
1185 2086 1212 2142 ,³
1244 2091 1372 2141 inquit

173 2153 241 2185 ‘175
263 2144 409 2186 ‘Altera
440 2149 516 2187 iam
548 2150 678 2199 rapuit
697 2145 738 2187 ‚³³
777 2150 833 2187 sic
865 2149 1011 2187 frustra
1042 2160 1133 2187 vera
1164 2155 1389 2188 monentem

262 2204 450 2258 Spernit,
483 2212 522 2245 et
552 2213 619 2245 aut
649 2206 831 2257 gradiens
862 2207 1012 2257 ingenti
1043 2206 1156 2245 litora
1187 2219 1305 2258 passu

262 2262 450 2312 Degravat
468 2296 478 2316 ,
510 2270 577 2304 aut
608 2265 735 2303 fessus
768 2264 840 2303 sub
867 2277 986 2316 opaca
1017 2266 1229 2304 revertitur
1261 2271 1393 2305 antra.

260 2319 462 2360 Prominet
492 2324 530 2361 in
563 2330 728 2374 pontum
760 2329 949 2362 cuneatus
981 2324 1159 2362 acumine
1190 2323 1305 2374 longo
