1554 2563
552 72 637 107 XIV
654 100 662 117 ‚
691 75 851 108 60—132
869 98 876 107 .
1016 84 1160 107 smum
1294 71 1377 114 285

159 182 372 235 Contudit,
405 187 444 221 et
474 183 583 234 rugis
614 183 810 234 peraravit
840 181 1008 221 anilibus
1040 193 1131 235 ora;

159 241 335 292 Totaque
366 240 512 280 velatos
544 240 700 280 ssaventi
732 252 897 292 corpora
928 239 1018 279 villo

159 300 263 339 Misit
294 301 333 338 in
365 299 435 338 has
467 298 609 338 sedes.
648 310 720 337 nec
752 311 831 337 non
862 300 972 350 prius
1005 298 1165 338 abstulit
1196 310 1312 338 usum

161 357 377 397 Verborum
410 363 449 396 et
480 363 592 396 natae
623 357 707 396 dira
738 359 778 396 in
809 359 982 409 periuria
1012 356 1191 408 linguae:

73 424 139 456 100
159 416 280 455 Posse
314 417 426 467 queri
457 421 608 455 tantum
639 427 758 455 rauco
791 415 960 454 stridore
991 415 1172 467 reliquit.

218 474 296 514 Has
328 473 396 514 ubi
426 476 631 525 praeteriit
661 479 701 513 et
731 474 1017 525 Parthenopeia
1048 473 1185 513 dextra

160 532 312 572 Moenia
343 533 547 584 deseruit,
580 532 703 583 [laeva
735 532 782 571 de
814 538 923 584 parte
956 534 1090 571 canori

159 591 339 630 Aeolidae
371 590 566 630 tumulum
598 590 654 641 et]
688 590 773 630 loca
804 592 882 630 seta
906 590 1148 642 palustribus
1180 591 1321 644 undis,

159 649 290 689 Litora
323 649 563 702 Cumarum,
594 651 815 700 vivacisque
847 655 957 688 antra
990 649 1156 701 Sibyllae

73 716 138 748 105
160 708 311 760 Intrat,
343 714 382 747 et
413 708 459 747 ad
491 720 625 747 manes
657 710 785 747 veniat
815 720 885 759 per
916 708 1068 747 Averna
1098 714 1309 760 paternos,

160 767 281 806 Orat.
321 772 360 806 at
390 766 453 805 illa
485 766 551 806 dIu
583 766 733 806 vultum
765 766 905 805 tellure
936 772 1131 805 moratum

159 825 324 878 Erexit,
356 825 591 876 tandemque
623 826 695 864 deo
729 824 939 864 furibunda
970 830 1130 876 recepto

161 882 312 935 ‘Magna
343 885 444 935 petis
463 880 489 936 ,'
522 883 619 922 dixit
650 881 724 922 ‘vir
756 884 868 922 sactis
899 885 1065 922 maxime
1084 915 1095 936 ,
1127 885 1240 923 cuius

160 942 327 981 Dextera
358 954 430 994 per
461 943 610 981 ferrum
630 973 641 994 ‚
671 943 796 994 pietas
828 947 1000 993 spectata
1032 954 1103 993 per
1134 943 1268 993 ignes.

75 1009 141 1040 110
160 1001 268 1040 Pone
302 1006 429 1040 tamen
448 1032 459 1053 ‚
491 1000 687 1053 Troiane,
719 1006 897 1040 metum:
927 1001 1079 1051 potiere
1110 1002 1268 1053 petitis,

162 1059 391 1111 Elysiasque
423 1058 558 1098 domos
591 1064 631 1098 et
661 1071 781 1110 regna
812 1060 1022 1097 novissima
1052 1058 1188 1097 mundi

161 1118 220 1157 Me
253 1118 352 1157 duce
383 1129 596 1169 cognosces
629 1117 914 1168 simulacraque
946 1128 1036 1156 cara
1066 1118 1264 1168 parentis.

161 1176 265 1215 Invia
294 1177 431 1215 virtuti
462 1175 567 1215 nulla
600 1181 659 1214 est
689 1177 749 1214 via
770 1172 794 1214 .'
833 1175 959 1227 dixit3
998 1181 1038 1214 et
1068 1187 1164 1214 auro

161 1234 190 1273 F
194 1235 394 1286 ulgentem
424 1246 577 1273 ramum
608 1233 703 1272 silva
733 1233 894 1272 Iunonis
925 1233 1099 1272 Avernae

76 1302 140 1332 115
161 1293 419 1345 Monstravit,
449 1294 644 1344 iussitque
676 1304 747 1331 suo
779 1291 963 1330 divellere
995 1297 1161 1331 trunco.

161 1352 298 1391 Paruit
327 1351 507 1403 Aeneas,
539 1357 578 1389 et
610 1350 864 1389 formidabilis
897 1349 990 1388 Orci

162 1410 266 1449 Vidit
296 1422 391 1461 opes
423 1415 632 1459 atavosque
665 1421 757 1447 suos
788 1407 1046 1458 umbramque
1079 1408 1241 1447 senilem

162 1468 395 1519 Magnanimi
425 1467 645 1506 Anchisae:
683 1466 818 1505 didicit
850 1478 1007 1517 quoque
1038 1468 1124 1505 iura
1154 1466 1355 1519 locorum,

164 1526 350 1577 Quaeque
381 1527 491 1564 novis
524 1530 657 1564 essent
688 1524 864 1564 adeunda
894 1524 1069 1575 pericula
1100 1524 1235 1564 bellis.

77 1592 143 1625 120
164 1585 256 1624 Inde
289 1585 420 1623 serens
452 1584 574 1622 lassos
607 1583 768 1622 adverso
800 1584 955 1622 tramite
986 1594 1149 1635 passus,

164 1643 262 1682 Cum
294 1643 394 1682 duce
427 1642 595 1681 Cumaea
627 1641 751 1680 mollit
781 1653 962 1680 sermone
993 1641 1189 1680 laborem.

163 1701 341 1753 Dumque
372 1702 448 1740 iter
472 1699 714 1739 horrendum
739 1711 810 1751 per
836 1711 955 1751 opaca
980 1699 1211 1751 crepuscula
1237 1702 1384 1752 carpit,

165 1757 260 1799 ‘Seu
292 1759 363 1798 dea
394 1764 437 1798 tu
469 1770 686 1811 praesens,
719 1770 788 1796 seu
821 1757 880 1797 dis
911 1760 1129 1809 gratissima
1147 1755 1173 1810 ,³
1206 1758 1303 1798 dixit

165 1816 360 1857 ‘Numinis
392 1819 516 1856 instar
549 1818 626 1856 eris
659 1828 814 1868 semper
845 1816 969 1868 mihi3
1000 1828 1141 1867 meque
1175 1816 1326 1856 fatebor

78 1884 144 1915 125
165 1877 339 1915 Muneris
372 1887 457 1914 esse
490 1876 576 1927 tui,
609 1887 707 1926 quae
739 1887 800 1913 me
832 1874 917 1913 loca
948 1876 1087 1913 mortis
1119 1875 1251 1928 adire,

165 1935 272 1980 Quae
303 1934 387 1973 loca
418 1946 480 1973 me
512 1935 615 1972 visae
647 1933 804 1971 voluisti
836 1932 998 1971 evadere
1030 1934 1190 1971 mortis.

164 1993 240 2032 Pro
273 1992 416 2044 quibus
448 1993 571 2031 aerias
603 1992 754 2030 meritis
786 1997 943 2030 evectus
975 1990 1022 2029 ad
1053 2003 1168 2029 auras

166 2051 326 2102 Templa
358 2050 429 2089 tibi
461 2056 628 2089 statuam
647 2081 658 2102 ‚
690 2048 860 2088 tribuam
892 2048 963 2087 tibi
995 2051 1094 2087 turis
1126 2049 1317 2088 honorem
1330 2046 1353 2088 .'

167 2109 342 2161 Respicit
371 2109 478 2148 hunc
509 2114 615 2147 vates
649 2114 687 2146 et
718 2107 979 2159 suspiratibus
1011 2107 1162 2146 haustis

80 2175 145 2206 130
166 2165 261 2206 ‘Nec
293 2166 364 2206 dea
396 2179 483 2206 sum
501 2163 528 2219 ‚³
561 2167 657 2205 dixit
688 2163 776 2204 ‘nec
809 2167 910 2204 sacri
940 2166 1040 2204 turis
1070 2165 1220 2204 honore

168 2225 388 2264 Humanum
420 2225 580 2276 dignare
612 2230 728 2276 caput
748 2255 756 2262 .
794 2236 872 2263 neu
903 2225 1061 2262 nescius
1093 2236 1226 2264 erres:

167 2283 249 2322 Lux
281 2289 438 2322 aeterna
471 2282 566 2322 mihi
597 2284 846 2334 carituraque
878 2283 954 2321 fine
987 2281 1173 2334 dabatur,
