1554 2563
617 126 673 168 x.
697 130 904 163 434—506.
1061 139 1200 162 mmmm
1345 125 1429 168 209

120 243 188 275 470
209 236 365 275 Semina
397 237 475 276 sert
504 241 618 276 utero
637 268 648 289 ,
680 243 946 288 conceptaque
980 238 1143 276 crimina
1174 241 1305 288 portat
1324 268 1332 274 .

206 295 369 334 Postera
401 307 478 334 nox
509 295 660 334 facinus
691 297 890 347 geminat.
928 308 1001 334 nec
1032 296 1121 335 finis
1152 297 1190 334 in
1224 294 1287 334 illa
1320 301 1407 346 est3

208 353 306 393 Cum
338 354 493 393 tandem
526 353 716 407 Cinyras,
747 355 882 393 avidus
914 366 1152 405 cognoscere
1185 359 1376 393 amantem

206 412 300 452 Post
330 419 390 452 tot
420 412 653 452 concubitus
672 445 683 465 ‚
714 413 819 452 illato
851 413 999 452 lumine
1031 413 1126 452 vidit

206 471 257 510 Et
287 471 417 511 scelus
449 478 489 511 et
520 478 678 512 natam:
708 471 917 523 verbisque
950 471 1083 511 dolore
1116 473 1281 511 retentis

119 537 186 569 475
206 530 398 570 Pendenti
430 530 597 570 nitidum
628 532 765 582 vagina
796 530 930 582 diripit
962 543 1119 569 ensem.

206 589 362 641 Myrrha
393 589 521 642 fugit,
553 589 806 641 tenebrisque
839 596 879 629 et
910 601 1047 628 caecae
1080 601 1243 628 munere
1275 589 1403 628 noctis

205 648 429 700 Intercepta
459 650 555 688 neci?
579 654 668 688 est:
700 649 877 699 latosque
909 655 1042 700 vagata
1073 661 1145 700 per
1177 659 1290 699 agros

206 707 436 746 Palmiferos
468 707 615 746 Arabas
647 707 928 759 Panchaeaque
960 719 1054 746 rura
1085 707 1300 758 relinquit.

206 766 362 817 Perque
394 778 533 805 novem
565 768 710 805 erravit
740 766 943 805 redeuntis
975 778 1122 805 cornua
1153 765 1268 804 lunae
1287 795 1298 816 ,

120 832 187 864 480
207 824 306 864 Cum
337 825 494 864 tandem
525 831 632 864 terra
662 827 856 876 requievit
886 826 989 864 fessa
1021 824 1168 864 Sabaea
1186 856 1197 877 ,

206 883 357 935 Vixque
389 885 493 923 uteri
524 883 706 936 portabat
736 896 863 922 onus.
902 889 987 923 tum
1018 885 1149 923 nescia
1180 884 1259 922 voti

206 943 333 994 Atque
365 944 469 982 inter
500 945 717 994 mortisque
750 949 879 982 metus
911 948 950 982 et
980 942 1106 981 taedia
1137 943 1238 981 vitae

206 1001 278 1040 Est
308 1001 405 1040 tales
438 1002 640 1053 complexa
671 1013 840 1053 preces:
872 998 926 1039 “0
959 1003 1069 1052 siqua
1101 1002 1241 1052 patetis

206 1059 374 1099 Numina
407 1061 598 1100 confessis
617 1092 628 1113 ‚
659 1061 787 1099 merui
819 1071 892 1099 nec
922 1061 1036 1099 triste
1068 1072 1210 1099 recuso

120 1126 187 1157 485
210 1117 454 1170 Supplicium
474 1151 482 1158 .
522 1119 590 1158 sed
622 1131 671 1158 ne
703 1119 844 1158 violem
876 1119 1062 1169 vivosque
1095 1123 1298 1170 superstes

206 1178 438 1230 Mortuaque
472 1180 695 1230 extinctos,
728 1177 916 1216 ambobus
948 1177 1081 1228 pellite
1113 1178 1276 1229 regnis,

207 1236 457 1287 Mutataeque
489 1237 584 1275 mihi
615 1238 811 1288 vitamque
844 1248 1061 1287 necemque
1093 1241 1231 1287 negate
1254 1231 1294 1274 .'’

207 1295 361 1334 Numen
393 1295 584 1334 confessis
616 1295 772 1346 aliquod
803 1301 939 1347 patet.
977 1295 1112 1334 ultima
1145 1301 1252 1333 certe

207 1353 303 1393 Vota
334 1366 427 1393 suos
459 1353 632 1393 habuere
665 1354 789 1393 deos:
827 1366 917 1392 nam
949 1366 1065 1392 crura
1096 1354 1293 1405 loquentis

120 1421 187 1452 490
207 1413 330 1451 Terra
362 1414 620 1466 supervenit,
657 1419 874 1464 ruptosque
907 1412 1063 1463 obliqua
1094 1424 1165 1463 per
1196 1422 1349 1462 ungues

207 1471 429 1522 porrigitur
461 1472 570 1510 radix
588 1503 599 1523 ‚
630 1471 737 1522 longi
768 1472 984 1510 firmamina
1015 1472 1176 1522 trunci3

210 1530 385 1581 Ossaque
417 1529 540 1569 robur
571 1536 720 1582 agunt,
752 1530 957 1580 mediaque
989 1535 1171 1568 manente
1203 1528 1369 1568 medulla

210 1589 377 1640 Sanguis
409 1590 440 1628 it
470 1590 511 1628 in
543 1600 659 1628 sucos
678 1620 689 1640 ‚
720 1590 761 1627 in
792 1600 953 1639 magnos
984 1587 1166 1626 bracchia
1198 1599 1327 1627 ramos
1346 1619 1356 1639 ‚

209 1647 252 1687 [n
286 1660 426 1699 parvos
458 1647 598 1700 digiti3
630 1647 795 1687 duratur
827 1648 975 1686 cortice
1006 1646 1146 1698 pellis.

124 1714 189 1746 495
208 1706 368 1758 Iamque
401 1718 558 1758 gravem
585 1718 769 1745 crescens
795 1712 954 1745 uterum
979 1707 1267 1757 perstrinxerat
1297 1704 1414 1743 arbor
1427 1735 1435 1756 ,

210 1766 454 1816 Pectoraque
487 1765 703 1817 obruerat,
735 1764 956 1815 collumque
989 1766 1144 1816 operire
1176 1763 1366 1815 parabat:

210 1824 297 1863 Non
329 1824 420 1863 tulit
449 1824 514 1863 illa
545 1836 695 1862 moram
713 1855 724 1875 ‚
755 1824 1004 1874 venientique
1037 1822 1149 1861 obvia
1179 1823 1284 1874 ligno

212 1882 427 1935 Subsedit,
457 1884 674 1933 mersitque
708 1894 800 1921 suos
831 1883 871 1921 in
903 1883 1050 1921 cortice
1082 1881 1242 1921 vultus.
1328 1891 1348 1916 τ.
1369 1889 1434 1916 cliv-

212 1942 320 1988 Quae
353 1953 587 1992 quamquam
620 1942 748 1980 amisit
780 1945 932 1979 veteres
965 1952 1054 1979 cum
1081 1952 1247 1991 corpore
1273 1952 1438 1991 sensus,

125 2008 192 2040 500
211 2001 298 2039 Flet
327 2006 459 2039 tamen
477 2032 489 2053 ,
520 2007 560 2039 et
590 2000 743 2051 tepidae
776 2004 934 2038 manant
965 2011 1012 2037 ex
1044 1998 1184 2037 arbore
1216 2004 1377 2050 guttae.

211 2059 283 2098 Est
312 2059 438 2098 honor
471 2071 492 2098 e
523 2059 724 2107 lacrimis3
757 2057 976 2108 stillataque
1009 2058 1156 2096 cortice
1187 2069 1322 2097 murra

212 2117 363 2156 Nomen
395 2117 491 2157 erile
523 2123 632 2156 tenet
663 2116 838 2167 nullique
871 2115 1066 2155 tacebitur
1098 2128 1191 2154 aevo
1212 2147 1221 2154 .

271 2177 320 2215 At
351 2176 449 2215 male
482 2182 696 2227 conceptus
729 2175 802 2214 sub
834 2174 976 2214 robore
1009 2180 1187 2213 creverat
1217 2175 1375 2227 infans,

213 2234 513 2286 Quaerebatque
545 2236 645 2273 viam
663 2265 674 2286 ,
707 2246 783 2285 qua
814 2246 856 2273 se
888 2235 1087 2284 genetrice
1119 2232 1254 2273 relicta

127 2300 193 2333 505
213 2293 426 2332 Exsereret
444 2324 453 2333 .
491 2293 618 2332 media
650 2292 832 2344 gravidus
863 2298 990 2331 tumet
1020 2292 1160 2331 arbore
1191 2297 1357 2332 venter:

213 2351 357 2391 Tendit
375 2364 475 2392 onus
494 2358 660 2392 matrem
674 2382 683 2391 .
715 2363 844 2404 neque
869 2350 1015 2391 habent
1033 2363 1103 2391 sua
1122 2350 1241 2390 verba
1260 2350 1435 2403 dolores,

166 2425 281 2452 ovn).
299 2425 350 2452 11.
1111 2421 1155 2452 14
